<?xml version="1.0" encoding="UTF-8"?>
<collection xmlns="http://www.loc.gov/MARC21/slim">
  <record>
    <leader>00606njm  2200181   4500</leader>
    <controlfield tag="001">MOKKAZ0004727163  </controlfield>
    <controlfield tag="005">20040910094805.0</controlfield>
    <controlfield tag="008">991029s1994                        hun d</controlfield>
    <datafield tag="028" ind1=" " ind2=" ">
      <subfield code="a">TR 016 MC</subfield>
    </datafield>
    <datafield tag="035" ind1=" " ind2=" ">
      <subfield code="a">bibFSZ839159</subfield>
    </datafield>
    <datafield tag="040" ind1=" " ind2=" ">
      <subfield code="a">FSZEK</subfield>
    </datafield>
    <datafield tag="110" ind1="2" ind2=" ">
      <subfield code="a">Anima</subfield>
    </datafield>
    <datafield tag="245" ind1="1" ind2="0">
      <subfield code="a">001/1994</subfield>
      <subfield code="h">[Hangfelvétel] /</subfield>
      <subfield code="c">Anima</subfield>
    </datafield>
    <datafield tag="260" ind1=" " ind2=" ">
      <subfield code="a">[Budapest] :</subfield>
      <subfield code="b">Trottel Records,</subfield>
      <subfield code="c">[1994]</subfield>
    </datafield>
    <datafield tag="300" ind1=" " ind2=" ">
      <subfield code="a">1 hangk. +</subfield>
      <subfield code="e">1 t.</subfield>
    </datafield>
    <datafield tag="505" ind1="0" ind2="0">
      <subfield code="t">Anima 001 ;</subfield>
      <subfield code="t">Anima 002 ;</subfield>
      <subfield code="t">Anima 003 ;</subfield>
      <subfield code="t">Anima 004 ;</subfield>
      <subfield code="t">Anima 005 ;</subfield>
      <subfield code="t">Anima 006 ;</subfield>
      <subfield code="t">Anima 007 ;</subfield>
      <subfield code="t">Anima 008 ;</subfield>
      <subfield code="t">Anima 009 ;</subfield>
      <subfield code="t">Anima 010 ;</subfield>
      <subfield code="t">Anima 011</subfield>
    </datafield>
    <datafield tag="695" ind1=" " ind2="1">
      <subfield code="a">alternatív rock</subfield>
    </datafield>
    <datafield tag="852" ind1=" " ind2=" ">
      <subfield code="a">B10</subfield>
      <subfield code="b">0401</subfield>
      <subfield code="x">bibFSZ839159</subfield>
    </datafield>
  </record>