
  <record>
    <leader>01008nmm  2200241   4500</leader>
    <controlfield tag="001">MOKKAZ0004727472  </controlfield>
    <controlfield tag="005">20070408070135.0</controlfield>
    <controlfield tag="006">m                 </controlfield>
    <controlfield tag="008">021122s2002                        eng d</controlfield>
    <datafield tag="028" ind1=" " ind2=" ">
      <subfield code="a">EAE08003908D</subfield>
      <subfield code="6">(Disc 1.)</subfield>
    </datafield>
    <datafield tag="028" ind1=" " ind2=" ">
      <subfield code="a">EAE08003908D2</subfield>
      <subfield code="6">(Disc 2.)</subfield>
    </datafield>
    <datafield tag="035" ind1=" " ind2=" ">
      <subfield code="a">bibFSZ841580</subfield>
    </datafield>
    <datafield tag="040" ind1=" " ind2=" ">
      <subfield code="a">FSZEK</subfield>
    </datafield>
    <datafield tag="041" ind1=" " ind2=" ">
      <subfield code="a">eng</subfield>
      <subfield code="b">hun</subfield>
    </datafield>
    <datafield tag="245" ind1="0" ind2="0">
      <subfield code="a">007</subfield>
      <subfield code="h">[Elektronikus dokumentum] :</subfield>
      <subfield code="b">nightfire : James Bond</subfield>
    </datafield>
    <datafield tag="256" ind1=" " ind2=" ">
      <subfield code="a">Játék</subfield>
    </datafield>
    <datafield tag="260" ind1=" " ind2=" ">
      <subfield code="a">[San Matteo] :</subfield>
      <subfield code="b">Electronic Arts Inc. ;</subfield>
      <subfield code="a">Budapest :</subfield>
      <subfield code="b">EcoBIT Multimédia Kft.,</subfield>
      <subfield code="c">cop. 2002</subfield>
    </datafield>
    <datafield tag="300" ind1=" " ind2=" ">
      <subfield code="a">2 CD-ROM ;</subfield>
      <subfield code="c">12 cm +</subfield>
      <subfield code="e">1 kézikönyv (28 p. : ill.)</subfield>
    </datafield>
    <datafield tag="538" ind1=" " ind2=" ">
      <subfield code="a">Működési követelmények: Pentium 500 MHz; 128 MB RAM; 8x CD-ROM meghajtó; 500 MB merevlemez kapacitás; 32 MB PCI vagy AGP grafikuskártya; DirectX 8.1 (lemezen) komp. videó- és hangkártya; Direct 3D gyorsító; Windows 98/2000/ME/XP</subfield>
    </datafield>
    <datafield tag="546" ind1=" " ind2=" ">
      <subfield code="a">Az útmutató magyar nyelven</subfield>
    </datafield>
    <datafield tag="695" ind1=" " ind2="1">
      <subfield code="a">játék</subfield>
    </datafield>
    <datafield tag="695" ind1=" " ind2="1">
      <subfield code="a">akció</subfield>
    </datafield>
    <datafield tag="852" ind1=" " ind2=" ">
      <subfield code="a">B10</subfield>
      <subfield code="B">0801</subfield>
      <subfield code="B">1106</subfield>
      <subfield code="B">1201</subfield>
      <subfield code="B">1803</subfield>
      <subfield code="b">0401</subfield>
      <subfield code="x">bibFSZ841580</subfield>
    </datafield>
  </record>