
  <record>
    <leader>01116nmm  2200277   4500</leader>
    <controlfield tag="001">MOKKAN0004249388  </controlfield>
    <controlfield tag="005">20070408132118.0</controlfield>
    <controlfield tag="006">m                 </controlfield>
    <controlfield tag="008">      c20042002                    eng d</controlfield>
    <datafield tag="028" ind1=" " ind2=" ">
      <subfield code="a">EAE08003908D</subfield>
      <subfield code="6">(Disc 1.)</subfield>
    </datafield>
    <datafield tag="028" ind1=" " ind2=" ">
      <subfield code="a">EAE08003908D2</subfield>
      <subfield code="6">(Disc 2.)</subfield>
    </datafield>
    <datafield tag="035" ind1=" " ind2=" ">
      <subfield code="a">bibFSZ1080603</subfield>
    </datafield>
    <datafield tag="040" ind1=" " ind2=" ">
      <subfield code="a">FSZEK</subfield>
    </datafield>
    <datafield tag="041" ind1=" " ind2=" ">
      <subfield code="a">eng</subfield>
      <subfield code="b">czehun</subfield>
    </datafield>
    <datafield tag="245" ind1="0" ind2="0">
      <subfield code="a">007</subfield>
      <subfield code="h">[Elektronikus dokumentum] :</subfield>
      <subfield code="b">nightfire</subfield>
    </datafield>
    <datafield tag="246" ind1=" " ind2="8">
      <subfield code="a">James Bond 007</subfield>
    </datafield>
    <datafield tag="256" ind1=" " ind2=" ">
      <subfield code="a">Játék</subfield>
    </datafield>
    <datafield tag="260" ind1=" " ind2=" ">
      <subfield code="a">[San Matteo] :</subfield>
      <subfield code="b">Electronic Arts Inc. ;</subfield>
      <subfield code="a">Budapest :</subfield>
      <subfield code="b">Electronic Arts Magyarország Kft.,</subfield>
      <subfield code="c">[2004], cop. 2002</subfield>
    </datafield>
    <datafield tag="300" ind1=" " ind2=" ">
      <subfield code="a">2 CD-ROM ;</subfield>
      <subfield code="c">12 cm +</subfield>
      <subfield code="e">1 kézikönyv ([60] p. : ill.)</subfield>
    </datafield>
    <datafield tag="490" ind1="1" ind2=" ">
      <subfield code="a">(EA games classics)</subfield>
    </datafield>
    <datafield tag="538" ind1=" " ind2=" ">
      <subfield code="a">Működési követelmények: Intel Pentium III 500 MHz; 128 MB RAM; 8x CD-ROM meghajtó; 675 MB merevlemez kapacitás; 32 MB PCI vagy AGP grafikuskártya; DirectX 8.1 (lemezen) komp. videó- és hangkártya; Direct 3D gyorsító; Windows 98/2000/ME/XP</subfield>
    </datafield>
    <datafield tag="546" ind1=" " ind2=" ">
      <subfield code="a">Az útmutató cseh és magyar nyelven</subfield>
    </datafield>
    <datafield tag="695" ind1=" " ind2="1">
      <subfield code="a">játék</subfield>
    </datafield>
    <datafield tag="695" ind1=" " ind2="1">
      <subfield code="a">akció</subfield>
    </datafield>
    <datafield tag="830" ind1=" " ind2="0">
      <subfield code="a">EA games classics</subfield>
    </datafield>
    <datafield tag="852" ind1=" " ind2=" ">
      <subfield code="a">B10</subfield>
      <subfield code="b">B10</subfield>
      <subfield code="x">bibFSZ1080603</subfield>
    </datafield>
  </record>