
  <record>
    <leader>00653cgm  22002171  4500</leader>
    <controlfield tag="001">MOKKAZ0004597337  </controlfield>
    <controlfield tag="005">20040910083552.0</controlfield>
    <controlfield tag="007">z </controlfield>
    <controlfield tag="008">      s1996                        und d</controlfield>
    <datafield tag="035" ind1=" " ind2=" ">
      <subfield code="a">bibFSZ00443573</subfield>
    </datafield>
    <datafield tag="040" ind1=" " ind2=" ">
      <subfield code="a">FSZEK</subfield>
    </datafield>
    <datafield tag="100" ind1="1" ind2=" ">
      <subfield code="a">Gilbert, Lewis</subfield>
    </datafield>
    <datafield tag="240" ind1=" " ind2=" ">
      <subfield code="a">You only live twice</subfield>
    </datafield>
    <datafield tag="245" ind1="1" ind2="0">
      <subfield code="a">007 : Csak kétszer élsz</subfield>
      <subfield code="h">[Videofelvétel] /</subfield>
      <subfield code="c">Gilbert, Lewis (rendező)</subfield>
    </datafield>
    <datafield tag="260" ind1=" " ind2=" ">
      <subfield code="a">Budapest :</subfield>
      <subfield code="b">Intercom,</subfield>
      <subfield code="c">1996</subfield>
    </datafield>
    <datafield tag="300" ind1=" " ind2=" ">
      <subfield code="a">videokazetta :</subfield>
      <subfield code="b">színes, mb.</subfield>
    </datafield>
    <datafield tag="306" ind1=" " ind2=" ">
      <subfield code="a">110 min</subfield>
    </datafield>
    <datafield tag="695" ind1=" " ind2="1">
      <subfield code="a">akciófilm</subfield>
    </datafield>
    <datafield tag="695" ind1=" " ind2="1">
      <subfield code="a">amerikai</subfield>
    </datafield>
    <datafield tag="700" ind1="1" ind2=" ">
      <subfield code="a">Connery, Sean</subfield>
      <subfield code="4">szereplő</subfield>
    </datafield>
    <datafield tag="852" ind1=" " ind2=" ">
      <subfield code="a">B10</subfield>
      <subfield code="B">2000</subfield>
      <subfield code="B">1102</subfield>
      <subfield code="B">1803</subfield>
      <subfield code="B">1103</subfield>
      <subfield code="B">0403</subfield>
      <subfield code="B">0702</subfield>
      <subfield code="B">0703</subfield>
      <subfield code="b">0904</subfield>
      <subfield code="x">bibFSZ00443573</subfield>
    </datafield>
  </record>