
  <record>
    <leader>00625njm  2200205   4500</leader>
    <controlfield tag="001">MOKKAS0002244553  </controlfield>
    <controlfield tag="005">20060526022945.0</controlfield>
    <controlfield tag="008">991012 1995    enk  nn          1  eng  </controlfield>
    <datafield tag="028" ind1=" " ind2=" ">
      <subfield code="a">8 41048 2</subfield>
      <subfield code="b">EMI</subfield>
    </datafield>
    <datafield tag="035" ind1=" " ind2=" ">
      <subfield code="a">bibSOK00122166</subfield>
    </datafield>
    <datafield tag="040" ind1=" " ind2=" ">
      <subfield code="a">SK</subfield>
    </datafield>
    <datafield tag="100" ind1="1" ind2=" ">
      <subfield code="a">Serra, Eric</subfield>
    </datafield>
    <datafield tag="245" ind1="1" ind2="0">
      <subfield code="a">007 - GoldenEye</subfield>
      <subfield code="h">[Hgf.] /</subfield>
      <subfield code="c">original score by Eric Serra ; dir. by Martin Campbell</subfield>
    </datafield>
    <datafield tag="260" ind1=" " ind2=" ">
      <subfield code="a">[London] :</subfield>
      <subfield code="b">EMI,</subfield>
      <subfield code="c">cop. 1995</subfield>
    </datafield>
    <datafield tag="300" ind1=" " ind2=" ">
      <subfield code="a">1 CD :</subfield>
      <subfield code="b">sztereó ;</subfield>
      <subfield code="c">12 cm +</subfield>
      <subfield code="e">mell.</subfield>
    </datafield>
    <datafield tag="505" ind1="0" ind2="0">
      <subfield code="t">[007 - Aranyszem, filmzene]</subfield>
    </datafield>
    <datafield tag="511" ind1="2" ind2=" ">
      <subfield code="a">Eric Serra ; Tina Turner</subfield>
    </datafield>
    <datafield tag="695" ind1=" " ind2=" ">
      <subfield code="a">Filmzene</subfield>
    </datafield>
    <datafield tag="700" ind1="1" ind2=" ">
      <subfield code="a">Campbell, Martin</subfield>
    </datafield>
    <datafield tag="852" ind1=" " ind2=" ">
      <subfield code="a">SZ4</subfield>
      <subfield code="b">SZ4</subfield>
      <subfield code="x">bibSOK00122166</subfield>
    </datafield>
  </record>