
  <record>
    <leader>00791cgm  22002411  4500</leader>
    <controlfield tag="001">MOKKAZ0004598229  </controlfield>
    <controlfield tag="005">20040910083620.0</controlfield>
    <controlfield tag="007">z </controlfield>
    <controlfield tag="008">      s1997                        und d</controlfield>
    <datafield tag="035" ind1=" " ind2=" ">
      <subfield code="a">bibFSZ00444453</subfield>
    </datafield>
    <datafield tag="040" ind1=" " ind2=" ">
      <subfield code="a">FSZEK</subfield>
    </datafield>
    <datafield tag="100" ind1="1" ind2=" ">
      <subfield code="a">Hunt, Peter</subfield>
    </datafield>
    <datafield tag="240" ind1=" " ind2=" ">
      <subfield code="a">On her majesty's secret service</subfield>
    </datafield>
    <datafield tag="245" ind1="1" ind2="0">
      <subfield code="a">007 : Őfelsége titkosszolgálatában</subfield>
      <subfield code="h">[Videofelvétel] /</subfield>
      <subfield code="c">Hunt, Peter (rendező)</subfield>
    </datafield>
    <datafield tag="260" ind1=" " ind2=" ">
      <subfield code="a">Budapest :</subfield>
      <subfield code="b">Intercom,</subfield>
      <subfield code="c">1997</subfield>
    </datafield>
    <datafield tag="300" ind1=" " ind2=" ">
      <subfield code="a">videokazetta :</subfield>
      <subfield code="b">színes, mb.</subfield>
    </datafield>
    <datafield tag="306" ind1=" " ind2=" ">
      <subfield code="a">144 min</subfield>
    </datafield>
    <datafield tag="695" ind1=" " ind2="1">
      <subfield code="a">akciófilm</subfield>
    </datafield>
    <datafield tag="695" ind1=" " ind2="1">
      <subfield code="a">amerikai</subfield>
    </datafield>
    <datafield tag="700" ind1="1" ind2=" ">
      <subfield code="a">Lazenby, George</subfield>
      <subfield code="4">szereplő</subfield>
    </datafield>
    <datafield tag="700" ind1="1" ind2=" ">
      <subfield code="a">Rigg, Diana</subfield>
      <subfield code="4">szereplő</subfield>
    </datafield>
    <datafield tag="700" ind1="1" ind2=" ">
      <subfield code="a">Savalas, Telly</subfield>
      <subfield code="4">szereplő</subfield>
    </datafield>
    <datafield tag="852" ind1=" " ind2=" ">
      <subfield code="a">B10</subfield>
      <subfield code="B">2301</subfield>
      <subfield code="B">2103</subfield>
      <subfield code="B">0203</subfield>
      <subfield code="B">0902</subfield>
      <subfield code="B">0403</subfield>
      <subfield code="B">0901</subfield>
      <subfield code="B">1602</subfield>
      <subfield code="B">1404</subfield>
      <subfield code="B">0903</subfield>
      <subfield code="B">1302</subfield>
      <subfield code="B">1106</subfield>
      <subfield code="B">1504</subfield>
      <subfield code="B">0305</subfield>
      <subfield code="b">1803</subfield>
      <subfield code="x">bibFSZ00444453</subfield>
    </datafield>
  </record>