
  <record>
    <leader>00982fjm  2200229 i 4500</leader>
    <controlfield tag="001">MOKKAZ0003741751  </controlfield>
    <controlfield tag="005">20040909215126.0</controlfield>
    <controlfield tag="008">010423c2003    hu                  hun d</controlfield>
    <datafield tag="028" ind1="0" ind2="0">
      <subfield code="a">980 681-3</subfield>
    </datafield>
    <datafield tag="035" ind1=" " ind2=" ">
      <subfield code="a">bibFSZ888973</subfield>
    </datafield>
    <datafield tag="040" ind1=" " ind2=" ">
      <subfield code="a">DEENK</subfield>
    </datafield>
    <datafield tag="041" ind1=" " ind2=" ">
      <subfield code="d">hun</subfield>
      <subfield code="g">hun</subfield>
    </datafield>
    <datafield tag="110" ind1="2" ind2=" ">
      <subfield code="a">Bon Bon</subfield>
    </datafield>
    <datafield tag="245" ind1="1" ind2="0">
      <subfield code="a">008</subfield>
      <subfield code="h">[Hgf.] /</subfield>
      <subfield code="c">Bon Bon</subfield>
    </datafield>
    <datafield tag="260" ind1=" " ind2=" ">
      <subfield code="a">Budapest :</subfield>
      <subfield code="b">Universal Music,</subfield>
      <subfield code="c">cop. 2003</subfield>
    </datafield>
    <datafield tag="300" ind1=" " ind2=" ">
      <subfield code="a">1 CD ;</subfield>
      <subfield code="c">12 cm +</subfield>
      <subfield code="e">szövegmelléklet</subfield>
    </datafield>
    <datafield tag="306" ind1=" " ind2=" ">
      <subfield code="a">(46 min 56 s)</subfield>
    </datafield>
    <datafield tag="505" ind1="0" ind2=" ">
      <subfield code="t">C'est la vie +</subfield>
      <subfield code="t">Csak egy dal +</subfield>
      <subfield code="t">Jól vagyok +</subfield>
      <subfield code="t">Gyermekeimnek +</subfield>
      <subfield code="t">Váratlan vendég +</subfield>
      <subfield code="t">Egy úr az űrből +</subfield>
      <subfield code="t">Szállj be! +</subfield>
      <subfield code="t">Harmadik menet +</subfield>
      <subfield code="t">Boldog szülinapot! +</subfield>
      <subfield code="t">Élvezd a percet! +</subfield>
      <subfield code="t">Valami Amerika +</subfield>
      <subfield code="t">Hanta palánták +</subfield>
      <subfield code="t">C'est la vie +</subfield>
      <subfield code="t">Jól vagyok</subfield>
    </datafield>
    <datafield tag="511" ind1="2" ind2=" ">
      <subfield code="a">Bob Bon</subfield>
    </datafield>
    <datafield tag="852" ind1=" " ind2=" ">
      <subfield code="a">D1</subfield>
      <subfield code="b">D1/Z</subfield>
      <subfield code="x">bibFSZ888973</subfield>
    </datafield>
    <datafield tag="852" ind1=" " ind2=" ">
      <subfield code="a">B10</subfield>
      <subfield code="B">1004</subfield>
      <subfield code="B">1901</subfield>
      <subfield code="B">0801</subfield>
      <subfield code="B">1803</subfield>
      <subfield code="B">0902</subfield>
      <subfield code="B">1504</subfield>
      <subfield code="B">1304</subfield>
      <subfield code="B">0305</subfield>
      <subfield code="B">2301</subfield>
      <subfield code="B">2101</subfield>
      <subfield code="B">1501</subfield>
      <subfield code="B">2104</subfield>
      <subfield code="B">1308</subfield>
      <subfield code="B">1306</subfield>
      <subfield code="B">1201</subfield>
      <subfield code="B">0901</subfield>
      <subfield code="B">1105</subfield>
      <subfield code="B">0404</subfield>
      <subfield code="B">2002</subfield>
      <subfield code="B">1402</subfield>
      <subfield code="B">0703</subfield>
      <subfield code="b">1601</subfield>
      <subfield code="x">bibFSZ888973</subfield>
    </datafield>
    <datafield tag="852" ind1=" " ind2=" ">
      <subfield code="a">B10</subfield>
      <subfield code="B">1803</subfield>
      <subfield code="b">1305</subfield>
      <subfield code="x">bibFSZ892113</subfield>
    </datafield>
  </record>