
  <record>
    <leader>00338njm  2200133 i 4500</leader>
    <controlfield tag="001">MOKKAS0001570939  </controlfield>
    <controlfield tag="005">20060113220557.0</controlfield>
    <controlfield tag="008">050903b        hu            00010 hun d</controlfield>
    <datafield tag="028" ind1="0" ind2="0">
      <subfield code="a">980 681-3</subfield>
    </datafield>
    <datafield tag="035" ind1=" " ind2=" ">
      <subfield code="a">bibVFK00031215</subfield>
    </datafield>
    <datafield tag="040" ind1=" " ind2=" ">
      <subfield code="a">VFMK</subfield>
    </datafield>
    <datafield tag="245" ind1="0" ind2="0">
      <subfield code="a">008</subfield>
      <subfield code="h">[Hangfelvétel]</subfield>
    </datafield>
    <datafield tag="710" ind1="2" ind2=" ">
      <subfield code="a">Bon Bon (Budapest)</subfield>
      <subfield code="4">egy.</subfield>
    </datafield>
    <datafield tag="852" ind1=" " ind2=" ">
      <subfield code="a">SZL1</subfield>
      <subfield code="b">SZL1</subfield>
      <subfield code="x">bibVFK00031215</subfield>
    </datafield>
  </record>