
  <record>
    <leader>00602njm  2200229 i 4500</leader>
    <controlfield tag="001">MOKKAS0001220200  </controlfield>
    <controlfield tag="005">20060112152155.0</controlfield>
    <controlfield tag="008">      s1996    hu            00010 eng d</controlfield>
    <datafield tag="028" ind1="0" ind2="0">
      <subfield code="a">TCD 1027</subfield>
    </datafield>
    <datafield tag="035" ind1=" " ind2=" ">
      <subfield code="a">bibRFK00002309</subfield>
    </datafield>
    <datafield tag="040" ind1=" " ind2=" ">
      <subfield code="a">RFMK</subfield>
    </datafield>
    <datafield tag="041" ind1=" " ind2=" ">
      <subfield code="a">eng</subfield>
    </datafield>
    <datafield tag="245" ind1="0" ind2="0">
      <subfield code="a">00 bop</subfield>
      <subfield code="h">[Hangfelvétel] /</subfield>
      <subfield code="c">Dizzy Gillespie [trumpet]</subfield>
    </datafield>
    <datafield tag="260" ind1=" " ind2=" ">
      <subfield code="a">London :</subfield>
      <subfield code="b">Tradition,</subfield>
      <subfield code="c">cop. 1996</subfield>
    </datafield>
    <datafield tag="300" ind1=" " ind2=" ">
      <subfield code="a">1 db CD ;</subfield>
      <subfield code="c">12 cm</subfield>
    </datafield>
    <datafield tag="650" ind1=" " ind2="5">
      <subfield code="a">jazz</subfield>
    </datafield>
    <datafield tag="650" ind1=" " ind2="5">
      <subfield code="a">trombita</subfield>
    </datafield>
    <datafield tag="650" ind1=" " ind2="5">
      <subfield code="a">szaxofon</subfield>
    </datafield>
    <datafield tag="650" ind1=" " ind2="5">
      <subfield code="a">zongora</subfield>
    </datafield>
    <datafield tag="650" ind1=" " ind2="5">
      <subfield code="a">ének</subfield>
    </datafield>
    <datafield tag="700" ind1="1" ind2=" ">
      <subfield code="a">Gillespie, Dizzy</subfield>
      <subfield code="4">hangszeres szólista, tr.</subfield>
    </datafield>
    <datafield tag="852" ind1=" " ind2=" ">
      <subfield code="a">M2</subfield>
      <subfield code="b">M2</subfield>
      <subfield code="x">bibRFK00002309</subfield>
    </datafield>
  </record>