
  <record>
    <leader>00264nam  2200109 i 4500</leader>
    <controlfield tag="001">MOKKAS0001166182  </controlfield>
    <controlfield tag="005">20060114202924.0</controlfield>
    <controlfield tag="008">050903b        hu            00010 hun d</controlfield>
    <datafield tag="035" ind1=" " ind2=" ">
      <subfield code="a">bibBKO00204258</subfield>
    </datafield>
    <datafield tag="040" ind1=" " ind2=" ">
      <subfield code="a">BMK</subfield>
    </datafield>
    <datafield tag="245" ind1="0" ind2="0">
      <subfield code="a">0-12 éves kor</subfield>
    </datafield>
    <datafield tag="852" ind1=" " ind2=" ">
      <subfield code="a">BCS1</subfield>
      <subfield code="b">BCS1</subfield>
      <subfield code="x">bibBKO00204258</subfield>
    </datafield>
  </record>