
  <record>
    <leader>00484nama 22001691i 4500</leader>
    <controlfield tag="001">MOKKAS0000654038  </controlfield>
    <controlfield tag="005">20060118103032.0</controlfield>
    <controlfield tag="008">041001s1961    pl            000 0 polod</controlfield>
    <datafield tag="035" ind1=" " ind2=" ">
      <subfield code="a">1412935</subfield>
    </datafield>
    <datafield tag="040" ind1=" " ind2=" ">
      <subfield code="a">OSZK</subfield>
    </datafield>
    <datafield tag="041" ind1="0" ind2=" ">
      <subfield code="a">polpol</subfield>
    </datafield>
    <datafield tag="100" ind1="1" ind2=" ">
      <subfield code="a">Labuda, Gerard</subfield>
    </datafield>
    <datafield tag="245" ind1="1" ind2="0">
      <subfield code="a">017Bródla, sagi i legendy do najdawniejszych dziejow Polski /</subfield>
      <subfield code="c">Gerard Labuda</subfield>
    </datafield>
    <datafield tag="260" ind1=" " ind2=" ">
      <subfield code="a">Warszawa :</subfield>
      <subfield code="b">Panst. Wyd. Naukowe,</subfield>
      <subfield code="c">[1961]</subfield>
    </datafield>
    <datafield tag="300" ind1=" " ind2=" ">
      <subfield code="a">345 p. ;</subfield>
      <subfield code="c">25 cm</subfield>
    </datafield>
    <datafield tag="651" ind1=" " ind2="4">
      <subfield code="a">Lengyelország</subfield>
    </datafield>
    <datafield tag="852" ind1=" " ind2=" ">
      <subfield code="a">B1</subfield>
      <subfield code="b">B1</subfield>
      <subfield code="x">1412935</subfield>
    </datafield>
  </record>