
  <record>
    <leader>00755cam  2200193 i 4500</leader>
    <controlfield tag="001">MOKKAZ0005274623  </controlfield>
    <controlfield tag="005">20070313082609.0</controlfield>
    <controlfield tag="008">020509s1909    hu a          00010 hun d</controlfield>
    <datafield tag="035" ind1=" " ind2=" ">
      <subfield code="a">159493</subfield>
    </datafield>
    <datafield tag="040" ind1=" " ind2=" ">
      <subfield code="a">MEKLM</subfield>
    </datafield>
    <datafield tag="041" ind1="0" ind2=" ">
      <subfield code="a">hun</subfield>
    </datafield>
    <datafield tag="100" ind1="1" ind2=" ">
      <subfield code="a">Fasching Antal</subfield>
    </datafield>
    <datafield tag="245" ind1="1" ind2="0">
      <subfield code="a">0.1 hosszegységre éles koordináta-táblázat sokszögvonalak számítására /</subfield>
      <subfield code="c">kidolg. .... Fasching Antal</subfield>
    </datafield>
    <datafield tag="260" ind1=" " ind2=" ">
      <subfield code="a">Bp. :</subfield>
      <subfield code="b">M. Kir. Áll. Ny.,</subfield>
      <subfield code="c">1909</subfield>
    </datafield>
    <datafield tag="300" ind1=" " ind2=" ">
      <subfield code="a">15, 12 p. :</subfield>
      <subfield code="b">ill. ;</subfield>
      <subfield code="c">41 cm</subfield>
    </datafield>
    <datafield tag="505" ind1="0" ind2=" ">
      <subfield code="a">Tart. még: 001.1 hosszegységre éles koordináta-táblázat sokszögvonalak számítására.</subfield>
    </datafield>
    <datafield tag="650" ind1="0" ind2="4">
      <subfield code="a">geodézia</subfield>
      <subfield code="x">koordinátaszámítás</subfield>
      <subfield code="x">táblázat</subfield>
    </datafield>
    <datafield tag="740" ind1="0" ind2=" ">
      <subfield code="a">001.1 hosszegységre éles koordináta-táblázat sokszögvonalak számítására</subfield>
    </datafield>
    <datafield tag="852" ind1=" " ind2=" ">
      <subfield code="a">M1</subfield>
      <subfield code="b">M1</subfield>
      <subfield code="x">159493</subfield>
    </datafield>
  </record>