
  <record>
    <leader>01324nam  2200241 i 4500</leader>
    <controlfield tag="001">MOKKAW0005617153  </controlfield>
    <controlfield tag="005">20080416045430.0</controlfield>
    <controlfield tag="008">940814s1959    hu            000 0 hun d</controlfield>
    <datafield tag="035" ind1=" " ind2=" ">
      <subfield code="a">BMEOMIKK000174965</subfield>
    </datafield>
    <datafield tag="040" ind1=" " ind2=" ">
      <subfield code="a">BMEOMIKK</subfield>
    </datafield>
    <datafield tag="041" ind1="0" ind2=" ">
      <subfield code="a">hun</subfield>
    </datafield>
    <datafield tag="044" ind1=" " ind2=" ">
      <subfield code="a">hu</subfield>
    </datafield>
    <datafield tag="245" ind1="0" ind2="0">
      <subfield code="a">02/59 Kip. M. szabvány szerinti pamutipari nyüstösgép alkatrészeinek műhelyrajz-gyűjteménye /</subfield>
      <subfield code="c">[összeáll. Pálinkás András] ; [közr. a] Könnyűipari Gépalkatrész- és Anyagforgalmazó Vállalat. Staubl rendszerű pamutipari nyüstösgép alkatrészeinek műhelyrajz-gyűjteménye. Staubl rendszerű lenipari nyüstösgép alkatrészeinek műhelyrajz-gyűjteménye</subfield>
    </datafield>
    <datafield tag="260" ind1=" " ind2=" ">
      <subfield code="a">Budapest :</subfield>
      <subfield code="b">Könnyűipari Gépalkatrész- és Anyagforgalmazó Vállalat,</subfield>
      <subfield code="c">1959</subfield>
    </datafield>
    <datafield tag="300" ind1=" " ind2=" ">
      <subfield code="a">32 fol., [115] t. ;</subfield>
      <subfield code="c">20x31 cm</subfield>
    </datafield>
    <datafield tag="490" ind1="1" ind2=" ">
      <subfield code="a">Könnyűipari gépalkatrészek kézikönyve</subfield>
      <subfield code="v">4-6.</subfield>
    </datafield>
    <datafield tag="653" ind1=" " ind2=" ">
      <subfield code="a">Nyüstösgép alkatrész, műhelyrajz-gyűjtemény</subfield>
    </datafield>
    <datafield tag="700" ind1="1" ind2=" ">
      <subfield code="a">Pálinkás András</subfield>
    </datafield>
    <datafield tag="710" ind1="2" ind2=" ">
      <subfield code="a">Könnyűipari Gépalkatrész- és Anyagforgalmazó Vállalat</subfield>
    </datafield>
    <datafield tag="740" ind1="0" ind2=" ">
      <subfield code="a">Staubl rendszerű pamutipari nyüstösgép alkatrészeinek műhelyrajz-gyűjteménye</subfield>
    </datafield>
    <datafield tag="740" ind1="0" ind2=" ">
      <subfield code="a">Staubl rendszerű lenipari nyüstösgép alkatrészeinek műhelyrajz-gyűjteménye</subfield>
    </datafield>
    <datafield tag="830" ind1=" " ind2="0">
      <subfield code="a">Könnyűipari gépalkatrészek kézikönyve</subfield>
    </datafield>
    <datafield tag="852" ind1=" " ind2=" ">
      <subfield code="a">B11</subfield>
      <subfield code="b">B11</subfield>
      <subfield code="x">BMEOMIKK000174965</subfield>
    </datafield>
  </record>