
  <record>
    <leader>00707njm  2200181   4500</leader>
    <controlfield tag="001">MOKKAZ0004744072  </controlfield>
    <controlfield tag="005">20040910095732.0</controlfield>
    <controlfield tag="008">991029s2003                        eng d</controlfield>
    <datafield tag="028" ind1=" " ind2=" ">
      <subfield code="a">7567-93209-2</subfield>
    </datafield>
    <datafield tag="035" ind1=" " ind2=" ">
      <subfield code="a">bibFSZ928217</subfield>
    </datafield>
    <datafield tag="040" ind1=" " ind2=" ">
      <subfield code="a">FSZEK</subfield>
    </datafield>
    <datafield tag="100" ind1="0" ind2=" ">
      <subfield code="a">Jewel</subfield>
    </datafield>
    <datafield tag="245" ind1="1" ind2="0">
      <subfield code="a">0304</subfield>
      <subfield code="h">[Hangfelvétel] /</subfield>
      <subfield code="c">Jewel</subfield>
    </datafield>
    <datafield tag="260" ind1=" " ind2=" ">
      <subfield code="a">New York :</subfield>
      <subfield code="b">Atlantic Recording Co.,</subfield>
      <subfield code="c">cop. 2003</subfield>
    </datafield>
    <datafield tag="300" ind1=" " ind2=" ">
      <subfield code="a">1 CD (59 min 23 s) ;</subfield>
      <subfield code="c">12 cm +</subfield>
      <subfield code="e">1 füz.</subfield>
    </datafield>
    <datafield tag="505" ind1="0" ind2="0">
      <subfield code="t">Stand ;</subfield>
      <subfield code="t">Run 2 u ;</subfield>
      <subfield code="t">Intuition ;</subfield>
      <subfield code="t">Leave the lights on ;</subfield>
      <subfield code="t">2 find u ;</subfield>
      <subfield code="t">Fragile heart ;</subfield>
      <subfield code="t">Doin' fine ;</subfield>
      <subfield code="t">2 become 1 ;</subfield>
      <subfield code="t">Haunted ;</subfield>
      <subfield code="t">Sweet temptation ;</subfield>
      <subfield code="t">Yes u can ;</subfield>
      <subfield code="t">U &amp; me = love ;</subfield>
      <subfield code="t">America ;</subfield>
      <subfield code="t">Becoming ;</subfield>
      <subfield code="t">Intuition</subfield>
    </datafield>
    <datafield tag="695" ind1=" " ind2="1">
      <subfield code="a">pop</subfield>
    </datafield>
    <datafield tag="852" ind1=" " ind2=" ">
      <subfield code="a">B10</subfield>
      <subfield code="B">0703</subfield>
      <subfield code="B">1803</subfield>
      <subfield code="B">0801</subfield>
      <subfield code="b">1308</subfield>
      <subfield code="x">bibFSZ928217</subfield>
    </datafield>
  </record>