
  <record>
    <leader>00810nmm  2200253 r 4500</leader>
    <controlfield tag="001">MOKKAW0005967603  </controlfield>
    <controlfield tag="005">20080828164216.0</controlfield>
    <controlfield tag="008">060725c2006    hu         j        slo 1</controlfield>
    <datafield tag="035" ind1=" " ind2=" ">
      <subfield code="a">MEK-03951</subfield>
    </datafield>
    <datafield tag="040" ind1=" " ind2=" ">
      <subfield code="a">MEK</subfield>
    </datafield>
    <datafield tag="100" ind1="1" ind2="0">
      <subfield code="a">Himmler György</subfield>
    </datafield>
    <datafield tag="245" ind1="1" ind2="6">
      <subfield code="a">&amp;#0352;túrovo</subfield>
      <subfield code="c">Himmler György ;</subfield>
    </datafield>
    <datafield tag="260" ind1="0" ind2=" ">
      <subfield code="c">2006</subfield>
    </datafield>
    <datafield tag="490" ind1=" " ind2="0">
      <subfield code="a">Honismereti kiskönyvtár</subfield>
      <subfield code="v">10.</subfield>
    </datafield>
    <datafield tag="500" ind1=" " ind2=" ">
      <subfield code="a">útikönyv</subfield>
    </datafield>
    <datafield tag="534" ind1=" " ind2=" ">
      <subfield code="a">&amp;#0352;túrovo / Juraj HimmlerKomárom : KT K., 2006(Honismereti kiskönyvtár ; 10. )ISBN 80 889804 07 8</subfield>
    </datafield>
    <datafield tag="650" ind1=" " ind2=" ">
      <subfield code="a">Helytörténet, helyismeret</subfield>
    </datafield>
    <datafield tag="650" ind1=" " ind2=" ">
      <subfield code="a">Külföldi országok, városok</subfield>
    </datafield>
    <datafield tag="650" ind1=" " ind2=" ">
      <subfield code="a">helyismeret</subfield>
      <subfield code="c">Párkány</subfield>
    </datafield>
    <datafield tag="650" ind1=" " ind2=" ">
      <subfield code="a">látnivaló</subfield>
      <subfield code="c">&amp;#0352;túrovo</subfield>
    </datafield>
    <datafield tag="650" ind1=" " ind2=" ">
      <subfield code="c">Szlovákia</subfield>
    </datafield>
    <datafield tag="852" ind1=" " ind2=" ">
      <subfield code="a">B1</subfield>
      <subfield code="b">B1/2</subfield>
      <subfield code="x">MEK-03951</subfield>
    </datafield>
    <datafield tag="856" ind1="4" ind2=" ">
      <subfield code="u">http://mek.oszk.hu/03900/03951</subfield>
      <subfield code="x">MEK</subfield>
    </datafield>
    <datafield tag="856" ind1="4" ind2=" ">
      <subfield code="u">urn:nbn:hu-5942</subfield>
      <subfield code="x">MEK</subfield>
    </datafield>
  </record>