
  <record>
    <leader>00611nama 22001691i 4500</leader>
    <controlfield tag="001">MOKKAS0000527411  </controlfield>
    <controlfield tag="005">20060117211525.0</controlfield>
    <controlfield tag="008">040903s1958    hu            000 0 hunod</controlfield>
    <datafield tag="035" ind1=" " ind2=" ">
      <subfield code="a">1286204</subfield>
    </datafield>
    <datafield tag="040" ind1=" " ind2=" ">
      <subfield code="a">OSZK</subfield>
    </datafield>
    <datafield tag="041" ind1="0" ind2=" ">
      <subfield code="a">hunhun</subfield>
    </datafield>
    <datafield tag="100" ind1="1" ind2=" ">
      <subfield code="a">Kántor Károly</subfield>
    </datafield>
    <datafield tag="245" ind1="1" ind2="0">
      <subfield code="a">0-4 atmoszféra nyomású csővezetékekben alkalmazható, egyszerű elektromágneses folyadékcsap /</subfield>
      <subfield code="c">Kántor Károly ; [kiad. a] Magyar Tudományos Akadémia</subfield>
    </datafield>
    <datafield tag="260" ind1=" " ind2=" ">
      <subfield code="a">Budapest :</subfield>
      <subfield code="b">Akad. Kiadó,</subfield>
      <subfield code="c">1958</subfield>
      <subfield code="e">([Szeged]</subfield>
      <subfield code="f">Szegedi Ny.)</subfield>
    </datafield>
    <datafield tag="300" ind1=" " ind2=" ">
      <subfield code="a">p. 373-374. ;</subfield>
      <subfield code="c">24 cm</subfield>
    </datafield>
    <datafield tag="580" ind1=" " ind2=" ">
      <subfield code="a">Klny. a Magyar Fizikai Folyóiratból</subfield>
    </datafield>
    <datafield tag="852" ind1=" " ind2=" ">
      <subfield code="a">B1</subfield>
      <subfield code="b">B1</subfield>
      <subfield code="x">1286204</subfield>
    </datafield>
  </record>