
  <record>
    <leader>00874aam  2200229 ir4500</leader>
    <controlfield tag="001">MOKKAZ0006236065  </controlfield>
    <controlfield tag="005">20040915182457.0</controlfield>
    <controlfield tag="008">940509t19811980hu            000 0 hun d</controlfield>
    <datafield tag="020" ind1=" " ind2=" ">
      <subfield code="a">963-02-1742-2 (fűzött)</subfield>
    </datafield>
    <datafield tag="035" ind1=" " ind2=" ">
      <subfield code="a">534566</subfield>
    </datafield>
    <datafield tag="040" ind1=" " ind2=" ">
      <subfield code="a">OSZK</subfield>
    </datafield>
    <datafield tag="041" ind1="0" ind2=" ">
      <subfield code="a">hunhun</subfield>
    </datafield>
    <datafield tag="072" ind1=" " ind2="1">
      <subfield code="a">U</subfield>
    </datafield>
    <datafield tag="100" ind1="1" ind2=" ">
      <subfield code="a">Vereczkei János</subfield>
    </datafield>
    <datafield tag="245" ind1="1" ind2="0">
      <subfield code="a">0,4 kV-os lemeztokozású elosztóberendezések tervezése 630 A és 2500 A áramerősségig /</subfield>
      <subfield code="c">a programot és a tervezésismertetőt készítették Vereczkei János, Murányi Aladár, Semsey Péter</subfield>
    </datafield>
    <datafield tag="260" ind1=" " ind2=" ">
      <subfield code="a">[Budapest] :</subfield>
      <subfield code="b">Uvaterv,</subfield>
      <subfield code="c">1980 [!1981]</subfield>
      <subfield code="e">([Budapest]</subfield>
      <subfield code="f">Uvaterv Soksz.)</subfield>
    </datafield>
    <datafield tag="300" ind1=" " ind2=" ">
      <subfield code="a">108 p. ;</subfield>
      <subfield code="c">29 cm</subfield>
    </datafield>
    <datafield tag="490" ind1="1" ind2=" ">
      <subfield code="a">Elektromos tervezések elektronikus számítógéppel</subfield>
      <subfield code="x">0139-3065</subfield>
    </datafield>
    <datafield tag="700" ind1="1" ind2="0">
      <subfield code="a">Murányi Aladár</subfield>
    </datafield>
    <datafield tag="700" ind1="1" ind2="0">
      <subfield code="a">Semsey Péter</subfield>
    </datafield>
    <datafield tag="830" ind1=" " ind2="0">
      <subfield code="a">Elektromos tervezések elektronikus számítógéppel</subfield>
    </datafield>
    <datafield tag="852" ind1=" " ind2=" ">
      <subfield code="a">B1</subfield>
      <subfield code="b">B1</subfield>
      <subfield code="x">534566</subfield>
    </datafield>
  </record>