
  <record>
    <leader>00921njm  2200193   4500</leader>
    <controlfield tag="001">MOKKAN0004287621  </controlfield>
    <controlfield tag="005">20070409185027.0</controlfield>
    <controlfield tag="008">010323s1994                        eng d</controlfield>
    <datafield tag="028" ind1=" " ind2=" ">
      <subfield code="a">477984 2</subfield>
    </datafield>
    <datafield tag="028" ind1=" " ind2=" ">
      <subfield code="a">01-477984-10</subfield>
    </datafield>
    <datafield tag="035" ind1=" " ind2=" ">
      <subfield code="a">bibFSZ97003</subfield>
    </datafield>
    <datafield tag="040" ind1=" " ind2=" ">
      <subfield code="a">FSZEK</subfield>
    </datafield>
    <datafield tag="110" ind1="2" ind2=" ">
      <subfield code="a">Ned's Atomic Dustbin</subfield>
    </datafield>
    <datafield tag="245" ind1="1" ind2="0">
      <subfield code="a">0.522</subfield>
      <subfield code="h">[Hangfelvétel] /</subfield>
      <subfield code="c">Ned's Atomic Dustbin</subfield>
    </datafield>
    <datafield tag="260" ind1=" " ind2=" ">
      <subfield code="a">[S.l.] :</subfield>
      <subfield code="b">Sony Music Entertainment (UK) Limited,</subfield>
      <subfield code="c">cop. 1994</subfield>
    </datafield>
    <datafield tag="300" ind1=" " ind2=" ">
      <subfield code="a">1 CD (76 min 42 s) ;</subfield>
      <subfield code="c">12 cm + </subfield>
      <subfield code="e">1 t.</subfield>
    </datafield>
    <datafield tag="505" ind1="0" ind2="0">
      <subfield code="t">Saturday night ;</subfield>
      <subfield code="t">Scrawl ;</subfield>
      <subfield code="t">Aim ;</subfield>
      <subfield code="t">Bite ;</subfield>
      <subfield code="t">Faceless ;</subfield>
      <subfield code="t">I'v never been tome ; </subfield>
      <subfield code="t">Grey cell green ;</subfield>
      <subfield code="t">Cut up (tartans houlders mix) ;</subfield>
      <subfield code="t">Kill your remix ;</subfield>
      <subfield code="t">Wirey ;</subfield>
      <subfield code="t">Flexible head ;</subfield>
      <subfield code="t">Sentence ;</subfield>
      <subfield code="t">Prostrate ;</subfield>
      <subfield code="t">Terminally groovie ;</subfield>
      <subfield code="t">Nadv.ndx=intact ;</subfield>
      <subfield code="t">Twenty three hour tooth hache ;</subfield>
      <subfield code="t">Titch ;</subfield>
      <subfield code="t">Plugmein ;</subfield>
      <subfield code="t">That's nice ;</subfield>
      <subfield code="t">nadv.ndx=nsa ;</subfield>
      <subfield code="t">Perfectly rounded ;</subfield>
      <subfield code="t">45 second blunder</subfield>
    </datafield>
    <datafield tag="695" ind1=" " ind2="1">
      <subfield code="a">heavy metal</subfield>
    </datafield>
    <datafield tag="852" ind1=" " ind2=" ">
      <subfield code="a">B10</subfield>
      <subfield code="b">0401</subfield>
      <subfield code="x">bibFSZ97003</subfield>
    </datafield>
  </record>