
  <record>
    <leader>00737aam  2200217 ir4500</leader>
    <controlfield tag="001">MOKKAZ0004966379  </controlfield>
    <controlfield tag="005">20040910122143.0</controlfield>
    <controlfield tag="008">830215m19829999hu            00000 hun 1</controlfield>
    <datafield tag="020" ind1=" " ind2=" ">
      <subfield code="a">963-326-459-6</subfield>
    </datafield>
    <datafield tag="035" ind1=" " ind2=" ">
      <subfield code="a">963 326 459 6</subfield>
    </datafield>
    <datafield tag="040" ind1=" " ind2=" ">
      <subfield code="a">PTE</subfield>
    </datafield>
    <datafield tag="245" ind1="0" ind2="0">
      <subfield code="a">0-6 éves gyermekek egészségügyi ellátása rendkívüli körülmények között /</subfield>
      <subfield code="c">[szerk. Kassai Péter] ; [írta Baksa József et al.]</subfield>
    </datafield>
    <datafield tag="260" ind1=" " ind2=" ">
      <subfield code="a">Budapest :</subfield>
      <subfield code="b">Zrínyi,</subfield>
      <subfield code="c">1982</subfield>
      <subfield code="e">([Pécs] :</subfield>
      <subfield code="f">Pécsi Szikra)</subfield>
    </datafield>
    <datafield tag="300" ind1=" " ind2=" ">
      <subfield code="a">4 db :</subfield>
      <subfield code="b">ill. ;</subfield>
      <subfield code="c">20 cm</subfield>
    </datafield>
    <datafield tag="650" ind1=" " ind2="4">
      <subfield code="a">oxiológia</subfield>
      <subfield code="x">gyermekek</subfield>
      <subfield code="x">0-6 évesek</subfield>
    </datafield>
    <datafield tag="700" ind1="1" ind2=" ">
      <subfield code="a">Baksa József</subfield>
    </datafield>
    <datafield tag="700" ind1="1" ind2=" ">
      <subfield code="a">Bognár Márta</subfield>
    </datafield>
    <datafield tag="700" ind1="1" ind2=" ">
      <subfield code="a">Dénes János</subfield>
    </datafield>
    <datafield tag="700" ind1="1" ind2=" ">
      <subfield code="a">Köteles György</subfield>
      <subfield code="d">(1934-)</subfield>
    </datafield>
    <datafield tag="700" ind1="1" ind2=" ">
      <subfield code="a">Kassai Péter</subfield>
    </datafield>
    <datafield tag="852" ind1=" " ind2=" ">
      <subfield code="a">P1</subfield>
      <subfield code="b">P1</subfield>
      <subfield code="x">963 326 459 6</subfield>
    </datafield>
  </record>