
  <record>
    <leader>00731aam  2200241 ir4500</leader>
    <controlfield tag="001">MOKKAZ0006276745  </controlfield>
    <controlfield tag="005">20040915184604.0</controlfield>
    <controlfield tag="008">940510m19829999hu            000 0 hun d</controlfield>
    <datafield tag="020" ind1=" " ind2=" ">
      <subfield code="a">963-326-459-6</subfield>
    </datafield>
    <datafield tag="035" ind1=" " ind2=" ">
      <subfield code="a">668645</subfield>
    </datafield>
    <datafield tag="040" ind1=" " ind2=" ">
      <subfield code="a">OSZK</subfield>
    </datafield>
    <datafield tag="041" ind1="0" ind2=" ">
      <subfield code="a">hun</subfield>
    </datafield>
    <datafield tag="072" ind1=" " ind2="1">
      <subfield code="a">T</subfield>
    </datafield>
    <datafield tag="245" ind1="1" ind2="0">
      <subfield code="a">0-6 éves gyermekek egészségügyi ellátása rendkívüli körülmények között /</subfield>
      <subfield code="c">[szerk. Kassai Péter]</subfield>
    </datafield>
    <datafield tag="260" ind1=" " ind2=" ">
      <subfield code="a">Budapest :</subfield>
      <subfield code="b">Zrínyi,</subfield>
      <subfield code="c">1982</subfield>
      <subfield code="e">([Pécs]</subfield>
      <subfield code="f">Pécsi Szikra)</subfield>
    </datafield>
    <datafield tag="300" ind1=" " ind2=" ">
      <subfield code="a">4 db :</subfield>
      <subfield code="b">ill. ;</subfield>
      <subfield code="c">20 cm</subfield>
    </datafield>
    <datafield tag="700" ind1="1" ind2=" ">
      <subfield code="a">Kassai Péter</subfield>
      <subfield code="4">(szerk.)</subfield>
    </datafield>
    <datafield tag="700" ind1="1" ind2="3">
      <subfield code="a">Baksa József</subfield>
    </datafield>
    <datafield tag="700" ind1="1" ind2="3">
      <subfield code="a">Bognár Márta</subfield>
    </datafield>
    <datafield tag="700" ind1="1" ind2="3">
      <subfield code="a">Dénes János</subfield>
      <subfield code="d">(1914-1985)</subfield>
    </datafield>
    <datafield tag="700" ind1="1" ind2="3">
      <subfield code="a">Kassai Péter</subfield>
    </datafield>
    <datafield tag="700" ind1="1" ind2="3">
      <subfield code="a">Köteles György</subfield>
      <subfield code="d">(1934-)</subfield>
    </datafield>
    <datafield tag="852" ind1=" " ind2=" ">
      <subfield code="a">B1</subfield>
      <subfield code="b">B1</subfield>
      <subfield code="x">668645</subfield>
    </datafield>
  </record>