
  <record>
    <leader>00564cam  2200181 a 4500</leader>
    <controlfield tag="001">MOKKAZ0005369221  </controlfield>
    <controlfield tag="005">20040910174336.0</controlfield>
    <controlfield tag="008">980421c        hu            00010 hun d</controlfield>
    <datafield tag="035" ind1=" " ind2=" ">
      <subfield code="a">15117</subfield>
    </datafield>
    <datafield tag="040" ind1=" " ind2=" ">
      <subfield code="a">SEKK</subfield>
    </datafield>
    <datafield tag="041" ind1="0" ind2=" ">
      <subfield code="a">hun</subfield>
    </datafield>
    <datafield tag="245" ind1="1" ind2="0">
      <subfield code="a">0-6 éves gyermekek egészségügyi ellátása rendkivüli körülmények között</subfield>
      <subfield code="b">/</subfield>
      <subfield code="c">szerk. Kassi Péter</subfield>
    </datafield>
    <datafield tag="260" ind1="0" ind2="0">
      <subfield code="a">Budapest :</subfield>
      <subfield code="b">Zrinyi Katonai Kiadó,</subfield>
      <subfield code="c">1982.</subfield>
    </datafield>
    <datafield tag="300" ind1=" " ind2=" ">
      <subfield code="a">247 p. ;</subfield>
      <subfield code="c">20 cm.</subfield>
    </datafield>
    <datafield tag="650" ind1="1" ind2="4">
      <subfield code="a">Egészségügyi ellátás</subfield>
      <subfield code="x">Gyermek</subfield>
    </datafield>
    <datafield tag="650" ind1="1" ind2="4">
      <subfield code="a">Health care</subfield>
      <subfield code="x">Child</subfield>
    </datafield>
    <datafield tag="700" ind1="1" ind2="0">
      <subfield code="a">Kassai Péter</subfield>
    </datafield>
    <datafield tag="852" ind1=" " ind2=" ">
      <subfield code="a">B13</subfield>
      <subfield code="b">B13</subfield>
      <subfield code="x">15117</subfield>
    </datafield>
  </record>