
  <record>
    <leader>00531nam  2200157   4500</leader>
    <controlfield tag="001">MOKKAS0002260961  </controlfield>
    <controlfield tag="005">20060618012241.0</controlfield>
    <controlfield tag="008">850829 1980    hu                  hun  </controlfield>
    <datafield tag="020" ind1=" " ind2=" ">
      <subfield code="a">(Fűzött)</subfield>
    </datafield>
    <datafield tag="035" ind1=" " ind2=" ">
      <subfield code="a">bibSOK00138432</subfield>
    </datafield>
    <datafield tag="040" ind1=" " ind2=" ">
      <subfield code="a">SK</subfield>
    </datafield>
    <datafield tag="245" ind1="0" ind2="0">
      <subfield code="a">0-700 :</subfield>
      <subfield code="b">Motorcsónak Világbajnokság : World Chamionship : Hungary, Szeged, 1991. július 20-21.</subfield>
    </datafield>
    <datafield tag="260" ind1=" " ind2=" ">
      <subfield code="a">[Szeged] :</subfield>
      <subfield code="b">[Magyar Motorcsónak Szövetség],</subfield>
      <subfield code="c">[1991]</subfield>
    </datafield>
    <datafield tag="300" ind1=" " ind2=" ">
      <subfield code="a">24 p. :</subfield>
      <subfield code="b">ill. ;</subfield>
      <subfield code="c">20 cm</subfield>
    </datafield>
    <datafield tag="650" ind1=" " ind2="7">
      <subfield code="a">Motorcsónaksport</subfield>
      <subfield code="x">verseny</subfield>
      <subfield code="2">szte</subfield>
    </datafield>
    <datafield tag="852" ind1=" " ind2=" ">
      <subfield code="a">SZ4</subfield>
      <subfield code="b">SZ4</subfield>
      <subfield code="x">bibSOK00138432</subfield>
    </datafield>
  </record>