
  <record>
    <leader>00557cam  22001697  4500</leader>
    <controlfield tag="001">MOKKAZ0004366370  </controlfield>
    <controlfield tag="005">20040910063630.0</controlfield>
    <controlfield tag="008">      s1930                        ger d</controlfield>
    <datafield tag="035" ind1=" " ind2=" ">
      <subfield code="a">bibFSZ00212399</subfield>
    </datafield>
    <datafield tag="040" ind1=" " ind2=" ">
      <subfield code="a">FSZEK</subfield>
    </datafield>
    <datafield tag="100" ind1="1" ind2=" ">
      <subfield code="a">Eckart, Paul Guido</subfield>
    </datafield>
    <datafield tag="245" ind1="1" ind2="0">
      <subfield code="a">\073 11 Arbeitsgerichtsgesetz : </subfield>
      <subfield code="b">die Prozessvertretung vor d. Arbeitsgerichten unt. spez. Würdigung d. Ausschlusses d. Anwälte /</subfield>
      <subfield code="c">Paul Guido Eckart</subfield>
    </datafield>
    <datafield tag="260" ind1=" " ind2=" ">
      <subfield code="a">Erlangen :</subfield>
      <subfield code="b">[S.n.],</subfield>
      <subfield code="c">1930</subfield>
    </datafield>
    <datafield tag="300" ind1=" " ind2=" ">
      <subfield code="a">43 p.</subfield>
    </datafield>
    <datafield tag="500" ind1=" " ind2=" ">
      <subfield code="a">Diss.</subfield>
    </datafield>
    <datafield tag="500" ind1=" " ind2=" ">
      <subfield code="a">Bibliogr.: p. 5-8.</subfield>
    </datafield>
    <datafield tag="852" ind1=" " ind2=" ">
      <subfield code="a">B10</subfield>
      <subfield code="b">0801</subfield>
      <subfield code="x">bibFSZ00212399</subfield>
    </datafield>
  </record>