
  <record>
    <leader>00483cam  22001457  4500</leader>
    <controlfield tag="001">MOKKAZ0004362659  </controlfield>
    <controlfield tag="005">20100915104424.0</controlfield>
    <controlfield tag="008">      s1956                        und d</controlfield>
    <datafield tag="035" ind1=" " ind2=" ">
      <subfield code="a">bibFSZ00208681</subfield>
    </datafield>
    <datafield tag="040" ind1=" " ind2=" ">
      <subfield code="a">FSZEK</subfield>
    </datafield>
    <datafield tag="245" ind1="0" ind2="0">
      <subfield code="a">08-15 avagy Asch őrvezető kalandos lázadása : </subfield>
      <subfield code="b">regény /</subfield>
      <subfield code="c">Hans Helmut Kirst ; ford. Szabó Jenő</subfield>
    </datafield>
    <datafield tag="260" ind1=" " ind2=" ">
      <subfield code="a">[S.l.] :</subfield>
      <subfield code="b">[S.n.],</subfield>
      <subfield code="c">1956</subfield>
    </datafield>
    <datafield tag="650" ind1=" " ind2="7">
      <subfield code="a">Spanyol irodalom</subfield>
      <subfield code="x">Kuba</subfield>
      <subfield code="x">regény</subfield>
      <subfield code="2">szte</subfield>
    </datafield>
    <datafield tag="852" ind1=" " ind2=" ">
      <subfield code="a">B10</subfield>
      <subfield code="b">0801</subfield>
      <subfield code="x">bibFSZ00208681</subfield>
    </datafield>
    <datafield tag="852" ind1=" " ind2=" ">
      <subfield code="a">SZ1</subfield>
      <subfield code="b">SZ1/R1</subfield>
      <subfield code="x">4090892</subfield>
    </datafield>
  </record>