
  <record>
    <leader>00883cam  2200241   4500</leader>
    <controlfield tag="001">MOKKAZ0004521991  </controlfield>
    <controlfield tag="005">20040910075601.0</controlfield>
    <controlfield tag="008">      s1957                        hun d</controlfield>
    <datafield tag="020" ind1=" " ind2=" ">
      <subfield code="a">(kötött) :</subfield>
    </datafield>
    <datafield tag="035" ind1=" " ind2=" ">
      <subfield code="a">bibFSZ00368255</subfield>
    </datafield>
    <datafield tag="040" ind1=" " ind2=" ">
      <subfield code="a">FSZEK</subfield>
    </datafield>
    <datafield tag="100" ind1="1" ind2=" ">
      <subfield code="a">Kirst, Hans Hellmut</subfield>
      <subfield code="d">(1914-1989)</subfield>
    </datafield>
    <datafield tag="240" ind1=" " ind2=" ">
      <subfield code="a">Null-Acht Fünfzehn</subfield>
    </datafield>
    <datafield tag="245" ind1="1" ind2="0">
      <subfield code="a">08-15 avagy Asch őrvezető kalandos lázadása :</subfield>
      <subfield code="b">regény /</subfield>
      <subfield code="c">Hans Hellmut Kirst ; [ford. Szabó Jenő] ; [... az illusztrációkat Hegedűs István kész.]</subfield>
    </datafield>
    <datafield tag="250" ind1=" " ind2=" ">
      <subfield code="a">2. kiad.</subfield>
    </datafield>
    <datafield tag="260" ind1=" " ind2=" ">
      <subfield code="a">Budapest :</subfield>
      <subfield code="b">Európa,</subfield>
      <subfield code="c">1957</subfield>
    </datafield>
    <datafield tag="300" ind1=" " ind2=" ">
      <subfield code="a">373, [1] p. :</subfield>
      <subfield code="b">ill. ;</subfield>
      <subfield code="c">19 cm</subfield>
    </datafield>
    <datafield tag="650" ind1=" " ind2="4">
      <subfield code="a">Regény</subfield>
    </datafield>
    <datafield tag="680" ind1=" " ind2="0">
      <subfield code="a">magyar nyelven</subfield>
      <subfield code="a">német irodalom, regény</subfield>
    </datafield>
    <datafield tag="700" ind1="1" ind2=" ">
      <subfield code="a">Szabó Jenő</subfield>
      <subfield code="d">(1910-)</subfield>
      <subfield code="c">(író)</subfield>
      <subfield code="c">(műfordító)</subfield>
      <subfield code="4">ford.</subfield>
    </datafield>
    <datafield tag="700" ind1="1" ind2=" ">
      <subfield code="a">Hegedűs István</subfield>
      <subfield code="d">(1932-)</subfield>
      <subfield code="c">(grafikus)</subfield>
      <subfield code="4">ill.</subfield>
    </datafield>
    <datafield tag="852" ind1=" " ind2=" ">
      <subfield code="a">B10</subfield>
      <subfield code="b">1401</subfield>
      <subfield code="x">bibFSZ00368255</subfield>
    </datafield>
    <datafield tag="852" ind1=" " ind2=" ">
      <subfield code="a">ST1</subfield>
      <subfield code="b">ST1</subfield>
      <subfield code="x">bibBBM82931</subfield>
    </datafield>
  </record>