
  <record>
    <leader>00496nam  2200193 i 4500</leader>
    <controlfield tag="001">MOKKAS0003501774  </controlfield>
    <controlfield tag="005">20060605234704.0</controlfield>
    <controlfield tag="008">050714s1963                        ger d</controlfield>
    <datafield tag="035" ind1=" " ind2=" ">
      <subfield code="a">547530</subfield>
    </datafield>
    <datafield tag="040" ind1=" " ind2=" ">
      <subfield code="a">OIK</subfield>
    </datafield>
    <datafield tag="041" ind1="0" ind2=" ">
      <subfield code="a">ger</subfield>
    </datafield>
    <datafield tag="100" ind1="1" ind2=" ">
      <subfield code="a">Kirst, Hans Hellmut</subfield>
      <subfield code="d">(1914-1989)</subfield>
    </datafield>
    <datafield tag="245" ind1="1" ind2="0">
      <subfield code="a">08/15 heute</subfield>
    </datafield>
    <datafield tag="260" ind1=" " ind2=" ">
      <subfield code="a">Wien ; München ; Basel :</subfield>
      <subfield code="b">Desch,</subfield>
      <subfield code="c">[1963]</subfield>
    </datafield>
    <datafield tag="300" ind1=" " ind2=" ">
      <subfield code="a">407 p.</subfield>
    </datafield>
    <datafield tag="490" ind1="1" ind2=" ">
      <subfield code="a">Romane unserer Zeit</subfield>
    </datafield>
    <datafield tag="650" ind1=" " ind2="4">
      <subfield code="a">Német regény</subfield>
    </datafield>
    <datafield tag="830" ind1=" " ind2="0">
      <subfield code="a">Romane unserer Zeit</subfield>
    </datafield>
    <datafield tag="852" ind1=" " ind2=" ">
      <subfield code="a">B14</subfield>
      <subfield code="b">B14</subfield>
      <subfield code="x">547530</subfield>
    </datafield>
  </record>