
  <record>
    <leader>00486nam  2200181 i 4500</leader>
    <controlfield tag="001">MOKKAS0003564635  </controlfield>
    <controlfield tag="005">20060606082847.0</controlfield>
    <controlfield tag="008">050715s1982                        ger d</controlfield>
    <datafield tag="020" ind1=" " ind2=" ">
      <subfield code="a">3 453 01570 3</subfield>
    </datafield>
    <datafield tag="035" ind1=" " ind2=" ">
      <subfield code="a">723528</subfield>
    </datafield>
    <datafield tag="040" ind1=" " ind2=" ">
      <subfield code="a">OIK</subfield>
    </datafield>
    <datafield tag="041" ind1="0" ind2=" ">
      <subfield code="a">ger</subfield>
    </datafield>
    <datafield tag="100" ind1="1" ind2=" ">
      <subfield code="a">Kirst, Hans Hellmut</subfield>
      <subfield code="d">(1914-1989)</subfield>
    </datafield>
    <datafield tag="245" ind1="1" ind2="0">
      <subfield code="a">08/15 in der Partei : </subfield>
      <subfield code="b">Roman /</subfield>
      <subfield code="c">Hans Hellmut Kirst</subfield>
    </datafield>
    <datafield tag="260" ind1=" " ind2=" ">
      <subfield code="a">München :</subfield>
      <subfield code="b">Heyne,</subfield>
      <subfield code="c">1982</subfield>
    </datafield>
    <datafield tag="300" ind1=" " ind2=" ">
      <subfield code="a">351 p. ;</subfield>
      <subfield code="c">18 cm</subfield>
    </datafield>
    <datafield tag="650" ind1=" " ind2="4">
      <subfield code="a">Német regény</subfield>
    </datafield>
    <datafield tag="852" ind1=" " ind2=" ">
      <subfield code="a">B14</subfield>
      <subfield code="b">B14</subfield>
      <subfield code="x">723528</subfield>
    </datafield>
  </record>