
  <record>
    <leader>00433aam  2200157   4500</leader>
    <controlfield tag="001">MOKKAZ0003827362  </controlfield>
    <controlfield tag="005">20040910003050.0</controlfield>
    <controlfield tag="008">870402 1987                        hun  </controlfield>
    <datafield tag="035" ind1=" " ind2=" ">
      <subfield code="a">bibJAT00049498</subfield>
    </datafield>
    <datafield tag="040" ind1=" " ind2=" ">
      <subfield code="a">SZTE</subfield>
    </datafield>
    <datafield tag="245" ind1="0" ind2="0">
      <subfield code="a">08 job control. (Összeáll. Bölcsföldi József).</subfield>
    </datafield>
    <datafield tag="260" ind1=" " ind2=" ">
      <subfield code="a">Bp,</subfield>
      <subfield code="c">1987</subfield>
    </datafield>
    <datafield tag="300" ind1=" " ind2=" ">
      <subfield code="a">132 p.</subfield>
    </datafield>
    <datafield tag="500" ind1=" " ind2=" ">
      <subfield code="a">ELTE TTK</subfield>
    </datafield>
    <datafield tag="650" ind1=" " ind2="7">
      <subfield code="a">Programozási nyelv</subfield>
      <subfield code="x">OS JCL</subfield>
      <subfield code="x">jegyzet</subfield>
      <subfield code="2">szte</subfield>
    </datafield>
    <datafield tag="852" ind1=" " ind2=" ">
      <subfield code="a">SZ1</subfield>
      <subfield code="b">SZ1</subfield>
      <subfield code="x">bibJAT00049498</subfield>
    </datafield>
  </record>