
  <record>
    <leader>00891nam  2200193 i 4500</leader>
    <controlfield tag="001">MOKKAS0003670862  </controlfield>
    <controlfield tag="005">20060614052340.0</controlfield>
    <controlfield tag="008">020212s2001    hu                  hun d</controlfield>
    <datafield tag="035" ind1=" " ind2=" ">
      <subfield code="a">bibSEF46902</subfield>
    </datafield>
    <datafield tag="040" ind1=" " ind2=" ">
      <subfield code="a">NYME</subfield>
    </datafield>
    <datafield tag="245" ind1="0" ind2="0">
      <subfield code="a">0902 Hajagi Véderdő Erdőbirtokossági Társulat erdőgazdálkodási üzemterve /</subfield>
      <subfield code="c">fel. terv. Hiller Szilárd ; ell. Péti Miklós</subfield>
    </datafield>
    <datafield tag="260" ind1=" " ind2=" ">
      <subfield code="a">Veszprém :</subfield>
      <subfield code="b">Állami Erdészeti Szolgálat Veszprémi Igazgatósága Erdőtervezési Iroda,</subfield>
      <subfield code="c">2001</subfield>
    </datafield>
    <datafield tag="300" ind1=" " ind2=" ">
      <subfield code="a">[100] fol., [67] p., [2] t. ;</subfield>
      <subfield code="c">30 cm</subfield>
    </datafield>
    <datafield tag="500" ind1=" " ind2=" ">
      <subfield code="a">Hiller Szilárd: A Hajagi Véderdő EBT üzemterve című dipl. melléklete</subfield>
    </datafield>
    <datafield tag="700" ind1="1" ind2=" ">
      <subfield code="a">Hiller Szilárd</subfield>
    </datafield>
    <datafield tag="700" ind1="1" ind2=" ">
      <subfield code="a">Péti Miklós</subfield>
    </datafield>
    <datafield tag="710" ind1="2" ind2=" ">
      <subfield code="a">Állami Erdészeti Szolgálat (Budapest)</subfield>
      <subfield code="b">Veszprémi Igazgatóság</subfield>
      <subfield code="b">Erdőtervezési Iroda (Veszprém)</subfield>
    </datafield>
    <datafield tag="772" ind1=" " ind2=" ">
      <subfield code="a">Hiller Szilárd</subfield>
      <subfield code="t">A Hajagi Véderdő EBT üzemterve</subfield>
      <subfield code="w">-/135-2002</subfield>
    </datafield>
    <datafield tag="852" ind1=" " ind2=" ">
      <subfield code="a">S1</subfield>
      <subfield code="b">S1</subfield>
      <subfield code="x">bibSEF46902</subfield>
    </datafield>
  </record>