
  <record>
    <leader>00536nam  2200169 i 4500</leader>
    <controlfield tag="001">MOKKAS0000989784  </controlfield>
    <controlfield tag="005">20080914215020.0</controlfield>
    <controlfield tag="008">050903s1982    hu            00010 hun d</controlfield>
    <datafield tag="035" ind1=" " ind2=" ">
      <subfield code="a">bibBKO00002815</subfield>
    </datafield>
    <datafield tag="040" ind1=" " ind2=" ">
      <subfield code="a">BMK</subfield>
    </datafield>
    <datafield tag="245" ind1="0" ind2="0">
      <subfield code="a">0 Általános művek /</subfield>
      <subfield code="c">[kiad. a] Magyar Szabványügyi Hivatal</subfield>
    </datafield>
    <datafield tag="250" ind1=" " ind2=" ">
      <subfield code="a">Teljes kiad.</subfield>
    </datafield>
    <datafield tag="260" ind1=" " ind2=" ">
      <subfield code="a">Budapest :</subfield>
      <subfield code="b">Szabványkiadó,</subfield>
      <subfield code="c">1982</subfield>
    </datafield>
    <datafield tag="300" ind1=" " ind2=" ">
      <subfield code="a">51 p. ;</subfield>
      <subfield code="c">29 cm +</subfield>
      <subfield code="e">mell. (15, 22, 33 p.)</subfield>
    </datafield>
    <datafield tag="500" ind1=" " ind2=" ">
      <subfield code="a">Az MSZ16501-74 helyett</subfield>
    </datafield>
    <datafield tag="650" ind1=" " ind2="4">
      <subfield code="a">Egyetemes Tizedes Osztályozás</subfield>
    </datafield>
    <datafield tag="852" ind1=" " ind2=" ">
      <subfield code="a">BCS1</subfield>
      <subfield code="b">BCS1</subfield>
      <subfield code="x">bibBKO00002815</subfield>
    </datafield>
  </record>