
  <record>
    <leader>01058nam  2200289 i 4500</leader>
    <controlfield tag="001">MOKKAZ0003787293  </controlfield>
    <controlfield tag="005">20040909221650.0</controlfield>
    <controlfield tag="008">000810s2001    nyu      b    001 0 eng  </controlfield>
    <datafield tag="020" ind1=" " ind2=" ">
      <subfield code="a">0 521 62930 6 (pb)</subfield>
    </datafield>
    <datafield tag="035" ind1=" " ind2=" ">
      <subfield code="a">bibKLT00357194</subfield>
    </datafield>
    <datafield tag="040" ind1=" " ind2=" ">
      <subfield code="a">DEENK</subfield>
    </datafield>
    <datafield tag="041" ind1="1" ind2=" ">
      <subfield code="a">grceng</subfield>
    </datafield>
    <datafield tag="082" ind1="0" ind2="0">
      <subfield code="a">885/.01</subfield>
      <subfield code="2">21</subfield>
    </datafield>
    <datafield tag="100" ind1="0" ind2=" ">
      <subfield code="a">Demosthenes</subfield>
      <subfield code="d">(i.e. 384- i.e.322)</subfield>
    </datafield>
    <datafield tag="245" ind1="1" ind2="0">
      <subfield code="a">0n the crown /</subfield>
      <subfield code="c">Demosthenes ; edited by Harvey Yunis</subfield>
    </datafield>
    <datafield tag="260" ind1=" " ind2=" ">
      <subfield code="a">New York :</subfield>
      <subfield code="b">Cambridge University Press,</subfield>
      <subfield code="c">2001</subfield>
    </datafield>
    <datafield tag="300" ind1=" " ind2=" ">
      <subfield code="a">XII, 314 p. ;</subfield>
      <subfield code="c">19 cm</subfield>
    </datafield>
    <datafield tag="490" ind1="1" ind2=" ">
      <subfield code="a">(Cambridge Greek and Latin classics)</subfield>
    </datafield>
    <datafield tag="500" ind1=" " ind2=" ">
      <subfield code="a">index : p. 310-314.</subfield>
    </datafield>
    <datafield tag="504" ind1=" " ind2=" ">
      <subfield code="a">Bibliogr. : p.292-309.</subfield>
    </datafield>
    <datafield tag="546" ind1=" " ind2=" ">
      <subfield code="a">Görög szöveg angol kommentárral</subfield>
    </datafield>
    <datafield tag="600" ind1="0" ind2=" ">
      <subfield code="a">Demosthenes</subfield>
      <subfield code="d">(i.e. 384- i.e.322)</subfield>
      <subfield code="t">On the crown</subfield>
    </datafield>
    <datafield tag="700" ind1="1" ind2=" ">
      <subfield code="a">Yunis, Harvey</subfield>
    </datafield>
    <datafield tag="830" ind1=" " ind2="0">
      <subfield code="a">Cambridge Greek and Latin classics</subfield>
    </datafield>
    <datafield tag="852" ind1=" " ind2=" ">
      <subfield code="a">D1</subfield>
      <subfield code="b">D1/4</subfield>
      <subfield code="x">bibKLT00357194</subfield>
    </datafield>
    <datafield tag="856" ind1="4" ind2="2">
      <subfield code="3">Publisher description</subfield>
      <subfield code="u">http://www.loc.gov/catdir/description/cam021/00063064.html</subfield>
      <subfield code="x">DEENK</subfield>
    </datafield>
    <datafield tag="856" ind1="4" ind2="1">
      <subfield code="3">Table of contents</subfield>
      <subfield code="u">http://www.loc.gov/catdir/toc/cam023/00063064.html</subfield>
      <subfield code="x">DEENK</subfield>
    </datafield>
  </record>