
  <record>
    <leader>00561cam  2200157 i 4500</leader>
    <controlfield tag="001">MOKKAZ0003187342  </controlfield>
    <controlfield tag="005">20040909164828.0</controlfield>
    <controlfield tag="008">      s1987    gw             00   eng d</controlfield>
    <datafield tag="035" ind1=" " ind2=" ">
      <subfield code="a">ISISFEF0006089</subfield>
    </datafield>
    <datafield tag="040" ind1=" " ind2=" ">
      <subfield code="a">DEENK</subfield>
    </datafield>
    <datafield tag="100" ind1="1" ind2=" ">
      <subfield code="a">Bernardi, Edgar</subfield>
    </datafield>
    <datafield tag="245" ind1="1" ind2="0">
      <subfield code="a">0n the optimization of the energy resolution of Hadron calorimeters /</subfield>
      <subfield code="c">von Edgar Bernardi</subfield>
    </datafield>
    <datafield tag="260" ind1=" " ind2=" ">
      <subfield code="a">Hamburg :</subfield>
      <subfield code="b">Univ.,</subfield>
      <subfield code="c">1987</subfield>
    </datafield>
    <datafield tag="300" ind1=" " ind2=" ">
      <subfield code="a">117 p. :</subfield>
      <subfield code="b">ill. ;</subfield>
      <subfield code="c">21 cm</subfield>
    </datafield>
    <datafield tag="502" ind1=" " ind2=" ">
      <subfield code="a">Dissertation zur Erlangung des Doktorgrades des Fachbereichs Physik; Universität Hamburg, 1987</subfield>
    </datafield>
    <datafield tag="852" ind1=" " ind2=" ">
      <subfield code="a">D1</subfield>
      <subfield code="b">D1</subfield>
      <subfield code="x">ISISFEF0006089</subfield>
    </datafield>
  </record>