
  <record>
    <leader>00931aam  2200241   4500</leader>
    <controlfield tag="001">MOKKAS0003792950  </controlfield>
    <controlfield tag="005">20060616020602.0</controlfield>
    <controlfield tag="008">930614 1993    hu                  hun  </controlfield>
    <datafield tag="035" ind1=" " ind2=" ">
      <subfield code="a">bibJAT00218614</subfield>
    </datafield>
    <datafield tag="040" ind1=" " ind2=" ">
      <subfield code="a">SZTE</subfield>
    </datafield>
    <datafield tag="245" ind1="0" ind2="1">
      <subfield code="a">[0Reneszánsz irodalom] :</subfield>
      <subfield code="b">Harmónia és életöröm : válogatás Petrarca, Boccaccio és Chaucer műveiből /</subfield>
      <subfield code="c">ford. Kardos Tibor, Révay József, Kormos István ; szerk. Veress Zsuzsanna]</subfield>
    </datafield>
    <datafield tag="260" ind1=" " ind2=" ">
      <subfield code="a">Bp. :</subfield>
      <subfield code="b">Interpopulart,</subfield>
      <subfield code="c">1993</subfield>
    </datafield>
    <datafield tag="300" ind1=" " ind2=" ">
      <subfield code="a">95 p.</subfield>
    </datafield>
    <datafield tag="490" ind1="1" ind2=" ">
      <subfield code="a">(Populart füzetek : diák- és házikönyvtár)</subfield>
    </datafield>
    <datafield tag="700" ind1="1" ind2=" ">
      <subfield code="a">Petrarca, Francesco</subfield>
    </datafield>
    <datafield tag="700" ind1="1" ind2=" ">
      <subfield code="a">Boccaccio, Giovanni</subfield>
      <subfield code="d">(1313-1375)</subfield>
    </datafield>
    <datafield tag="700" ind1="1" ind2=" ">
      <subfield code="a">Chaucer, Geoffrey</subfield>
      <subfield code="d">(1340-1400)</subfield>
    </datafield>
    <datafield tag="700" ind1="1" ind2=" ">
      <subfield code="a">Kardos Tibor</subfield>
    </datafield>
    <datafield tag="700" ind1="1" ind2=" ">
      <subfield code="a">Révay József</subfield>
      <subfield code="d">(1881-1970)</subfield>
      <subfield code="c">(író, irodalomtörténész, műfordító)</subfield>
    </datafield>
    <datafield tag="700" ind1="1" ind2=" ">
      <subfield code="a">Kormos István</subfield>
      <subfield code="d">(1923-1977)</subfield>
    </datafield>
    <datafield tag="700" ind1="1" ind2=" ">
      <subfield code="a">Veress Zsuzsanna</subfield>
    </datafield>
    <datafield tag="830" ind1=" " ind2="0">
      <subfield code="a">Populart füzetek</subfield>
    </datafield>
    <datafield tag="852" ind1=" " ind2=" ">
      <subfield code="a">SZ1</subfield>
      <subfield code="b">SZ1</subfield>
      <subfield code="x">bibJAT00218614</subfield>
    </datafield>
  </record>