
  <record>
    <leader>00475nam  2200157   4500</leader>
    <controlfield tag="001">MOKKAZ0003776644  </controlfield>
    <controlfield tag="005">20040909221018.0</controlfield>
    <controlfield tag="008">       1984    hu            00010 hun d</controlfield>
    <datafield tag="020" ind1=" " ind2=" ">
      <subfield code="a">963 10 4848 9</subfield>
    </datafield>
    <datafield tag="035" ind1=" " ind2=" ">
      <subfield code="a">bibATO00000425</subfield>
    </datafield>
    <datafield tag="040" ind1=" " ind2=" ">
      <subfield code="a">DEENK</subfield>
    </datafield>
    <datafield tag="100" ind1="1" ind2=" ">
      <subfield code="a">Rindfleisch, Daniel H.</subfield>
    </datafield>
    <datafield tag="245" ind1="1" ind2="0">
      <subfield code="a">0S és OS/VS vezérlőnyelv segédprogramok /</subfield>
      <subfield code="c">Daniel H. Rindfleisch</subfield>
    </datafield>
    <datafield tag="260" ind1=" " ind2=" ">
      <subfield code="a">Budapest :</subfield>
      <subfield code="b">Műszaki Könyvkiadó,</subfield>
      <subfield code="c">1984</subfield>
    </datafield>
    <datafield tag="300" ind1=" " ind2=" ">
      <subfield code="a">288 p. ;</subfield>
      <subfield code="c">29 cm</subfield>
    </datafield>
    <datafield tag="852" ind1=" " ind2=" ">
      <subfield code="a">D1</subfield>
      <subfield code="b">D30</subfield>
      <subfield code="x">bibATO00000425</subfield>
    </datafield>
  </record>