
  <record>
    <leader>00352cam  22001217  4500</leader>
    <controlfield tag="001">MOKKAZ0004645984  </controlfield>
    <controlfield tag="005">20040910090215.0</controlfield>
    <controlfield tag="008">      s1951                        rus d</controlfield>
    <datafield tag="035" ind1=" " ind2=" ">
      <subfield code="a">bibFSZ512768</subfield>
    </datafield>
    <datafield tag="040" ind1=" " ind2=" ">
      <subfield code="a">FSZEK</subfield>
    </datafield>
    <datafield tag="245" ind1="0" ind2="0">
      <subfield code="a">0 stiranii klassovyh granej mezdu rabocim v SSSR /</subfield>
      <subfield code="c">T. I. Gubarev</subfield>
    </datafield>
    <datafield tag="260" ind1=" " ind2=" ">
      <subfield code="a">[S.l.] :</subfield>
      <subfield code="b">[S.n.],</subfield>
      <subfield code="c">1951</subfield>
    </datafield>
    <datafield tag="852" ind1=" " ind2=" ">
      <subfield code="a">B10</subfield>
      <subfield code="b">0801</subfield>
      <subfield code="x">bibFSZ512768</subfield>
    </datafield>
  </record>