
  <record>
    <leader>00559nam  2200169   4500</leader>
    <controlfield tag="001">MOKKAS0002273679  </controlfield>
    <controlfield tag="005">20060527020456.0</controlfield>
    <controlfield tag="008">780410 1964    hu                  hun  </controlfield>
    <datafield tag="035" ind1=" " ind2=" ">
      <subfield code="a">bibSOK00145661</subfield>
    </datafield>
    <datafield tag="040" ind1=" " ind2=" ">
      <subfield code="a">SK</subfield>
    </datafield>
    <datafield tag="100" ind1="1" ind2=" ">
      <subfield code="a">Hevesi József</subfield>
    </datafield>
    <datafield tag="245" ind1="1" ind2="0">
      <subfield code="a">0sztályozási példatár :</subfield>
      <subfield code="b">a könyvtárosképző szaktanfolyam hallgatói számára /</subfield>
      <subfield code="c">összeáll. Hevesi József</subfield>
    </datafield>
    <datafield tag="260" ind1=" " ind2=" ">
      <subfield code="a">Szeged :</subfield>
      <subfield code="b">Városi Somogyi-könyvtár,</subfield>
      <subfield code="c">1964</subfield>
    </datafield>
    <datafield tag="300" ind1=" " ind2=" ">
      <subfield code="a">25 p. ;</subfield>
      <subfield code="c">29 cm</subfield>
    </datafield>
    <datafield tag="695" ind1=" " ind2=" ">
      <subfield code="a">Osztályozás</subfield>
      <subfield code="x">könyvtári</subfield>
      <subfield code="x">példatár</subfield>
    </datafield>
    <datafield tag="695" ind1=" " ind2=" ">
      <subfield code="a">xxx</subfield>
    </datafield>
    <datafield tag="852" ind1=" " ind2=" ">
      <subfield code="a">SZ4</subfield>
      <subfield code="b">SZ4</subfield>
      <subfield code="x">bibSOK00145661</subfield>
    </datafield>
  </record>