
  <record>
    <leader>00803njm  2200193   4500</leader>
    <controlfield tag="001">MOKKAN0004312760  </controlfield>
    <controlfield tag="005">20070410074037.0</controlfield>
    <controlfield tag="008">060531s2006                        eng d</controlfield>
    <datafield tag="028" ind1=" " ind2=" ">
      <subfield code="a">8287681991 2</subfield>
    </datafield>
    <datafield tag="035" ind1=" " ind2=" ">
      <subfield code="a">bibFSZ01271360</subfield>
    </datafield>
    <datafield tag="040" ind1=" " ind2=" ">
      <subfield code="a">FSZEK</subfield>
    </datafield>
    <datafield tag="110" ind1="2" ind2=" ">
      <subfield code="a">Tool</subfield>
    </datafield>
    <datafield tag="245" ind1="1" ind2="0">
      <subfield code="a">10.000 days</subfield>
      <subfield code="h">[Hangfelvétel] /</subfield>
      <subfield code="c">Tool</subfield>
    </datafield>
    <datafield tag="260" ind1=" " ind2=" ">
      <subfield code="a">[S.l.] :</subfield>
      <subfield code="b">Tool Dissectional L.L.C. :</subfield>
      <subfield code="b">Volcano Entertainment L.L.C.,</subfield>
      <subfield code="c">cop. 2006</subfield>
    </datafield>
    <datafield tag="300" ind1=" " ind2=" ">
      <subfield code="a">1 CD (75 min 50 s) ;</subfield>
      <subfield code="c">12 cm +</subfield>
      <subfield code="e">1 füz.</subfield>
    </datafield>
    <datafield tag="500" ind1=" " ind2=" ">
      <subfield code="a">Kemény papírtokban, melléklettel egybekötve</subfield>
    </datafield>
    <datafield tag="505" ind1="0" ind2="0">
      <subfield code="t">Vicarious ;</subfield>
      <subfield code="t">Jambi ;</subfield>
      <subfield code="t">Wings for Marie (Pt.1) ;</subfield>
      <subfield code="t">10.000 days (Wings Pt.2) ;</subfield>
      <subfield code="t">The pot ;</subfield>
      <subfield code="t">Lipan conjuring ;</subfield>
      <subfield code="t">Lost keyes (Blame hofmann) ;</subfield>
      <subfield code="t">Rosetta stoned ;</subfield>
      <subfield code="t">Intension ;</subfield>
      <subfield code="t">Right in two ;</subfield>
      <subfield code="t">Viginti tres</subfield>
    </datafield>
    <datafield tag="695" ind1=" " ind2="1">
      <subfield code="a">alternatív metal</subfield>
    </datafield>
    <datafield tag="852" ind1=" " ind2=" ">
      <subfield code="a">B10</subfield>
      <subfield code="B">1308</subfield>
      <subfield code="b">0401</subfield>
      <subfield code="x">bibFSZ01271360</subfield>
    </datafield>
  </record>