
  <record>
    <leader>00566nam  2200193 i 4500</leader>
    <controlfield tag="001">MOKKAS0003592668  </controlfield>
    <controlfield tag="005">20060606132301.0</controlfield>
    <controlfield tag="008">050715s2003                        rus d</controlfield>
    <datafield tag="020" ind1=" " ind2=" ">
      <subfield code="a">5 699 02979 6 (kötött)</subfield>
    </datafield>
    <datafield tag="035" ind1=" " ind2=" ">
      <subfield code="a">817904</subfield>
    </datafield>
    <datafield tag="040" ind1=" " ind2=" ">
      <subfield code="a">OIK</subfield>
    </datafield>
    <datafield tag="041" ind1="0" ind2=" ">
      <subfield code="a">rus</subfield>
    </datafield>
    <datafield tag="100" ind1="1" ind2=" ">
      <subfield code="a">Stogoff, Il'â</subfield>
      <subfield code="d">(1970-)</subfield>
    </datafield>
    <datafield tag="245" ind1="1" ind2="0">
      <subfield code="a">1000000 evro, ili Tysâča vtoraâ noč' 2003 goda /</subfield>
      <subfield code="c">Il'â Stogoff</subfield>
    </datafield>
    <datafield tag="260" ind1=" " ind2=" ">
      <subfield code="a">Moskva</subfield>
      <subfield code="a">Sankt-Peterburg :</subfield>
      <subfield code="b">Eksmo :</subfield>
      <subfield code="b">Domino,</subfield>
      <subfield code="c">2003</subfield>
    </datafield>
    <datafield tag="300" ind1=" " ind2=" ">
      <subfield code="a">254 p. :</subfield>
      <subfield code="b">ill. ;</subfield>
      <subfield code="c">21 cm</subfield>
    </datafield>
    <datafield tag="500" ind1=" " ind2=" ">
      <subfield code="a">Cirill betűs</subfield>
    </datafield>
    <datafield tag="650" ind1=" " ind2="4">
      <subfield code="a">Orosz regény</subfield>
    </datafield>
    <datafield tag="852" ind1=" " ind2=" ">
      <subfield code="a">B14</subfield>
      <subfield code="b">B14</subfield>
      <subfield code="x">817904</subfield>
    </datafield>
  </record>