
  <record>
    <leader>00495nam  2200181 i 4500</leader>
    <controlfield tag="001">MOKKAN0004714720  </controlfield>
    <controlfield tag="005">20070704230356.0</controlfield>
    <controlfield tag="008">010813s1959                 u    j eng d</controlfield>
    <datafield tag="035" ind1=" " ind2=" ">
      <subfield code="a">72283</subfield>
    </datafield>
    <datafield tag="040" ind1=" " ind2=" ">
      <subfield code="a">SZIEGTUK</subfield>
    </datafield>
    <datafield tag="041" ind1="0" ind2=" ">
      <subfield code="a">eng</subfield>
    </datafield>
    <datafield tag="245" ind1="1" ind2="0">
      <subfield code="a">10000 gardenquestions /</subfield>
      <subfield code="c">Answered by 20 experts ; Ed. F. F. Rockwell</subfield>
    </datafield>
    <datafield tag="250" ind1=" " ind2=" ">
      <subfield code="a">New, Yrev. ed.</subfield>
    </datafield>
    <datafield tag="260" ind1=" " ind2=" ">
      <subfield code="a">New York :</subfield>
      <subfield code="b">Doubleday,</subfield>
      <subfield code="c">[1959]</subfield>
    </datafield>
    <datafield tag="300" ind1=" " ind2=" ">
      <subfield code="a">XVI,1390 p. ;</subfield>
      <subfield code="c">22 cm</subfield>
    </datafield>
    <datafield tag="650" ind1=" " ind2="4">
      <subfield code="a">kertészet</subfield>
    </datafield>
    <datafield tag="700" ind1="1" ind2=" ">
      <subfield code="a">Rockwell, F. F.</subfield>
    </datafield>
    <datafield tag="852" ind1=" " ind2=" ">
      <subfield code="a">G1</subfield>
      <subfield code="b">G1</subfield>
      <subfield code="x">72283</subfield>
    </datafield>
  </record>