
  <record>
    <leader>00609nam  2200157 i 4500</leader>
    <controlfield tag="001">MOKKAN0004594015  </controlfield>
    <controlfield tag="005">20070503080709.0</controlfield>
    <controlfield tag="008">051117s1948                        hun d</controlfield>
    <datafield tag="035" ind1=" " ind2=" ">
      <subfield code="a">150490347</subfield>
    </datafield>
    <datafield tag="040" ind1=" " ind2=" ">
      <subfield code="a">BDK</subfield>
    </datafield>
    <datafield tag="041" ind1="0" ind2=" ">
      <subfield code="a">hun</subfield>
    </datafield>
    <datafield tag="245" ind1="0" ind2="0">
      <subfield code="a">10.000 hazahozott hősi halott /</subfield>
      <subfield code="c">[kiad.] a Munkaszolgálatosok Exhumációs és Síremlék Bizottságai</subfield>
    </datafield>
    <datafield tag="260" ind1=" " ind2=" ">
      <subfield code="a">Budapest :</subfield>
      <subfield code="b">[s.n.],</subfield>
      <subfield code="c">1948</subfield>
      <subfield code="e">(Budapest</subfield>
      <subfield code="f">Hedvig ny.)</subfield>
    </datafield>
    <datafield tag="300" ind1=" " ind2=" ">
      <subfield code="a">96 p. :</subfield>
      <subfield code="b">ill. ;</subfield>
      <subfield code="c">20 cm</subfield>
    </datafield>
    <datafield tag="520" ind1=" " ind2=" ">
      <subfield code="a">p. 59-74. a kőszegi tömegsírok felszámolásáról, a munkaszolgálatos mártírok névsora és temetése 1947. ápr. 3.</subfield>
    </datafield>
    <datafield tag="852" ind1=" " ind2=" ">
      <subfield code="a">SZO1</subfield>
      <subfield code="b">SZO1</subfield>
      <subfield code="x">150490347</subfield>
    </datafield>
  </record>