
  <record>
    <leader>00756njm  2200205   4500</leader>
    <controlfield tag="001">MOKKAZ0004647697  </controlfield>
    <controlfield tag="005">20040910090308.0</controlfield>
    <controlfield tag="008">010606s2001                        eng d</controlfield>
    <datafield tag="028" ind1=" " ind2=" ">
      <subfield code="a">724381033227</subfield>
    </datafield>
    <datafield tag="028" ind1=" " ind2=" ">
      <subfield code="a">03098</subfield>
    </datafield>
    <datafield tag="035" ind1=" " ind2=" ">
      <subfield code="a">bibFSZ531370</subfield>
    </datafield>
    <datafield tag="040" ind1=" " ind2=" ">
      <subfield code="a">FSZEK</subfield>
    </datafield>
    <datafield tag="110" ind1="2" ind2=" ">
      <subfield code="a">Air</subfield>
    </datafield>
    <datafield tag="245" ind1="1" ind2="0">
      <subfield code="a">10 000HZ legend</subfield>
      <subfield code="h">[Hangfelvétel] /</subfield>
      <subfield code="c">AIR</subfield>
    </datafield>
    <datafield tag="260" ind1=" " ind2=" ">
      <subfield code="a">[S.l.] :</subfield>
      <subfield code="b">Source :</subfield>
      <subfield code="b">Virgin France,</subfield>
      <subfield code="c">cop. 2001</subfield>
    </datafield>
    <datafield tag="300" ind1=" " ind2=" ">
      <subfield code="a">1 CD ;</subfield>
      <subfield code="c">12 cm +</subfield>
      <subfield code="e">1 füz.</subfield>
    </datafield>
    <datafield tag="306" ind1=" " ind2=" ">
      <subfield code="a">(60 min 38 s)</subfield>
    </datafield>
    <datafield tag="505" ind1="0" ind2="0">
      <subfield code="t">Electric performers ;</subfield>
      <subfield code="t">How does it make you feel? ;</subfield>
      <subfield code="t">Radio #1 ;</subfield>
      <subfield code="t">The vagabond ;</subfield>
      <subfield code="t">Radian ;</subfield>
      <subfield code="t">Lucky and unhappy ;</subfield>
      <subfield code="t">Sex born poison ;</subfield>
      <subfield code="t">People in the city ;</subfield>
      <subfield code="t">Wonder milky bitch ;</subfield>
      <subfield code="t">Don't be light ;</subfield>
      <subfield code="t">Caramel prisoner</subfield>
    </datafield>
    <datafield tag="695" ind1=" " ind2="1">
      <subfield code="a">elektronikus zene</subfield>
    </datafield>
    <datafield tag="852" ind1=" " ind2=" ">
      <subfield code="a">B10</subfield>
      <subfield code="B">0401</subfield>
      <subfield code="b">0801</subfield>
      <subfield code="x">bibFSZ531370</subfield>
    </datafield>
  </record>