
  <record>
    <leader>00679nama 22002051i 4500</leader>
    <controlfield tag="001">MOKKAS0000672468  </controlfield>
    <controlfield tag="005">20060616173854.0</controlfield>
    <controlfield tag="008">041105s1970    ch            000 0 gerod</controlfield>
    <datafield tag="035" ind1=" " ind2=" ">
      <subfield code="a">1431417</subfield>
    </datafield>
    <datafield tag="040" ind1=" " ind2=" ">
      <subfield code="a">OSZK</subfield>
    </datafield>
    <datafield tag="041" ind1="0" ind2=" ">
      <subfield code="a">gerger</subfield>
    </datafield>
    <datafield tag="100" ind1="1" ind2=" ">
      <subfield code="a">Bravo, Giuseppe A.</subfield>
      <subfield code="c">(cédulakatalógus alapján)</subfield>
    </datafield>
    <datafield tag="245" ind1="1" ind2="0">
      <subfield code="a">100.000 Jahre Leder : </subfield>
      <subfield code="b">eine Monographie /</subfield>
      <subfield code="c">Giuseppe A. Bravo, Juliana Trupke</subfield>
    </datafield>
    <datafield tag="260" ind1=" " ind2=" ">
      <subfield code="a">Basel</subfield>
      <subfield code="a">Stuttgart :</subfield>
      <subfield code="b">Birkhäuser,</subfield>
      <subfield code="c">1970</subfield>
    </datafield>
    <datafield tag="300" ind1=" " ind2=" ">
      <subfield code="a">391 p. :</subfield>
      <subfield code="b">ill. ;</subfield>
      <subfield code="c">23 cm</subfield>
    </datafield>
    <datafield tag="490" ind1="1" ind2=" ">
      <subfield code="a">Wissenschaft und Kultur</subfield>
      <subfield code="v">24.</subfield>
    </datafield>
    <datafield tag="504" ind1=" " ind2=" ">
      <subfield code="a">Bibliogr.: p. 338-359.</subfield>
    </datafield>
    <datafield tag="700" ind1="1" ind2="0">
      <subfield code="a">Trupke, Juliana</subfield>
      <subfield code="c">(cédulakatalógus alapján)</subfield>
    </datafield>
    <datafield tag="830" ind1=" " ind2="0">
      <subfield code="a">Wissenschaft und Kultur</subfield>
    </datafield>
    <datafield tag="852" ind1=" " ind2=" ">
      <subfield code="a">B1</subfield>
      <subfield code="b">B1</subfield>
      <subfield code="x">1431417</subfield>
    </datafield>
  </record>