
  <record>
    <leader>00548nam  2200193 i 4500</leader>
    <controlfield tag="001">MOKKAS0003418983  </controlfield>
    <controlfield tag="005">20060604154214.0</controlfield>
    <controlfield tag="008">050713s1965                        eng d</controlfield>
    <datafield tag="035" ind1=" " ind2=" ">
      <subfield code="a">274760</subfield>
    </datafield>
    <datafield tag="040" ind1=" " ind2=" ">
      <subfield code="a">OIK</subfield>
    </datafield>
    <datafield tag="041" ind1="0" ind2=" ">
      <subfield code="a">eng</subfield>
    </datafield>
    <datafield tag="100" ind1="1" ind2=" ">
      <subfield code="a">Copeland, Lewis</subfield>
    </datafield>
    <datafield tag="245" ind1="1" ind2="0">
      <subfield code="a">10,000 jokes, toasts and stories /</subfield>
      <subfield code="c">ed. by Lewis and Faye Copeland</subfield>
    </datafield>
    <datafield tag="260" ind1=" " ind2=" ">
      <subfield code="a">Garden City, NY :</subfield>
      <subfield code="b">Doubleday,</subfield>
      <subfield code="c">cop. 1965</subfield>
    </datafield>
    <datafield tag="300" ind1=" " ind2=" ">
      <subfield code="a">XI, 1020 p. ;</subfield>
      <subfield code="c">22 cm</subfield>
    </datafield>
    <datafield tag="650" ind1=" " ind2="4">
      <subfield code="a">Tréfák. Viccek</subfield>
    </datafield>
    <datafield tag="650" ind1=" " ind2="4">
      <subfield code="a">Angol nyelven</subfield>
    </datafield>
    <datafield tag="700" ind1="1" ind2=" ">
      <subfield code="a">Copeland, Faye</subfield>
      <subfield code="4">(szerk.)</subfield>
    </datafield>
    <datafield tag="852" ind1=" " ind2=" ">
      <subfield code="a">B14</subfield>
      <subfield code="b">B14</subfield>
      <subfield code="x">274760</subfield>
    </datafield>
  </record>