
  <record>
    <leader>00522nama 22001931i 4500</leader>
    <controlfield tag="001">MOKKAS0000699822  </controlfield>
    <controlfield tag="005">20060616203727.0</controlfield>
    <controlfield tag="008">041105s1973    fr            000 0 freod</controlfield>
    <datafield tag="035" ind1=" " ind2=" ">
      <subfield code="a">1458772</subfield>
    </datafield>
    <datafield tag="040" ind1=" " ind2=" ">
      <subfield code="a">OSZK</subfield>
    </datafield>
    <datafield tag="041" ind1="0" ind2=" ">
      <subfield code="a">frefre</subfield>
    </datafield>
    <datafield tag="100" ind1="1" ind2=" ">
      <subfield code="a">Derogy, Jacques</subfield>
    </datafield>
    <datafield tag="245" ind1="1" ind2="0">
      <subfield code="a">100.000 juifs à la mer /</subfield>
      <subfield code="c">Jacques Derogy</subfield>
    </datafield>
    <datafield tag="260" ind1=" " ind2=" ">
      <subfield code="a">Paris :</subfield>
      <subfield code="b">Stock,</subfield>
      <subfield code="c">1973</subfield>
    </datafield>
    <datafield tag="300" ind1=" " ind2=" ">
      <subfield code="a">249 p. ;</subfield>
      <subfield code="c">24 cm</subfield>
    </datafield>
    <datafield tag="490" ind1="1" ind2=" ">
      <subfield code="a">Oeuvres de Jacques Derogy</subfield>
    </datafield>
    <datafield tag="504" ind1=" " ind2=" ">
      <subfield code="a">Bibliogr.: p. 247-249.</subfield>
    </datafield>
    <datafield tag="830" ind1=" " ind2="0">
      <subfield code="a">Oeuvres de Jacques Derogy</subfield>
    </datafield>
    <datafield tag="852" ind1=" " ind2=" ">
      <subfield code="a">B1</subfield>
      <subfield code="b">B1</subfield>
      <subfield code="x">1458772</subfield>
    </datafield>
  </record>