
  <record>
    <leader>00347cam  22001217  4500</leader>
    <controlfield tag="001">MOKKAZ0004473454  </controlfield>
    <controlfield tag="005">20040910073048.0</controlfield>
    <controlfield tag="008">      s1949                        und d</controlfield>
    <datafield tag="035" ind1=" " ind2=" ">
      <subfield code="a">bibFSZ00319626</subfield>
    </datafield>
    <datafield tag="040" ind1=" " ind2=" ">
      <subfield code="a">FSZEK</subfield>
    </datafield>
    <datafield tag="245" ind1="0" ind2="0">
      <subfield code="a">10.000 Kilometer durch das Sowjetland /</subfield>
      <subfield code="c">Werner Eggerath</subfield>
    </datafield>
    <datafield tag="260" ind1=" " ind2=" ">
      <subfield code="a">[S.l.] :</subfield>
      <subfield code="b">[S.n.],</subfield>
      <subfield code="c">1949</subfield>
    </datafield>
    <datafield tag="852" ind1=" " ind2=" ">
      <subfield code="a">B10</subfield>
      <subfield code="b">0801</subfield>
      <subfield code="x">bibFSZ00319626</subfield>
    </datafield>
  </record>