
  <record>
    <leader>00428nam  22001337  4500</leader>
    <controlfield tag="001">MOKKAZ0004715274  </controlfield>
    <controlfield tag="005">20040910094138.0</controlfield>
    <controlfield tag="008">000211s1950                  00    cze d</controlfield>
    <datafield tag="035" ind1=" " ind2=" ">
      <subfield code="a">bibFSZ785315</subfield>
    </datafield>
    <datafield tag="040" ind1=" " ind2=" ">
      <subfield code="a">FSZEK</subfield>
    </datafield>
    <datafield tag="041" ind1=" " ind2=" ">
      <subfield code="a">cze</subfield>
    </datafield>
    <datafield tag="245" ind1="0" ind2="0">
      <subfield code="a">10000 km budujícím Ceskoslovenskem /</subfield>
      <subfield code="c">Bedrich Václavík, Lidmila Balcárková, K. F. Sedlácek</subfield>
    </datafield>
    <datafield tag="260" ind1=" " ind2=" ">
      <subfield code="a">[S.l.] :</subfield>
      <subfield code="b">Ministerstvo informacia Osvety,</subfield>
      <subfield code="c">1950</subfield>
    </datafield>
    <datafield tag="852" ind1=" " ind2=" ">
      <subfield code="a">B10</subfield>
      <subfield code="b">0801</subfield>
      <subfield code="x">bibFSZ785315</subfield>
    </datafield>
  </record>