
  <record>
    <leader>00711nam  2200193 i 4500</leader>
    <controlfield tag="001">MOKKAW0005585403  </controlfield>
    <controlfield tag="005">20080415185517.0</controlfield>
    <controlfield tag="008">010516s1952                  000 0 hun d</controlfield>
    <datafield tag="035" ind1=" " ind2=" ">
      <subfield code="a">BMEOMIKK000151485</subfield>
    </datafield>
    <datafield tag="040" ind1=" " ind2=" ">
      <subfield code="a">BMEOMIKK</subfield>
    </datafield>
    <datafield tag="041" ind1="0" ind2=" ">
      <subfield code="a">hun</subfield>
    </datafield>
    <datafield tag="100" ind1="1" ind2=" ">
      <subfield code="a">Veöreös Boldizsár</subfield>
    </datafield>
    <datafield tag="245" ind1="1" ind2="0">
      <subfield code="a">100.000 km-es kísérletek /</subfield>
      <subfield code="c">Veöreös Boldizsár</subfield>
    </datafield>
    <datafield tag="260" ind1=" " ind2=" ">
      <subfield code="a">Budapest :</subfield>
      <subfield code="b">Közoktatásügyi Jegyzetellátó,</subfield>
      <subfield code="c">1952</subfield>
    </datafield>
    <datafield tag="300" ind1=" " ind2=" ">
      <subfield code="a">35 p. ;</subfield>
      <subfield code="c">30 cm</subfield>
    </datafield>
    <datafield tag="490" ind1="1" ind2=" ">
      <subfield code="a">Budapesti Műszaki Egyetem. Mérnöki Továbbképző Intézet előadássorozatából</subfield>
      <subfield code="v">G. 107.</subfield>
    </datafield>
    <datafield tag="504" ind1=" " ind2=" ">
      <subfield code="a">Bibliogr.: 35. p.</subfield>
    </datafield>
    <datafield tag="830" ind1=" " ind2="0">
      <subfield code="a">Budapesti Műszaki Egyetem. Mérnöki Továbbképző Intézet előadássorozatából</subfield>
    </datafield>
    <datafield tag="852" ind1=" " ind2=" ">
      <subfield code="a">B11</subfield>
      <subfield code="b">B11</subfield>
      <subfield code="x">BMEOMIKK000151485</subfield>
    </datafield>
  </record>