
  <record>
    <leader>00669nama 22001811i 4500</leader>
    <controlfield tag="001">MOKKAS0000522706  </controlfield>
    <controlfield tag="005">20060117205904.0</controlfield>
    <controlfield tag="008">040903s1952    hu            000 0 hunod</controlfield>
    <datafield tag="035" ind1=" " ind2=" ">
      <subfield code="a">1281499</subfield>
    </datafield>
    <datafield tag="040" ind1=" " ind2=" ">
      <subfield code="a">OSZK</subfield>
    </datafield>
    <datafield tag="041" ind1="0" ind2=" ">
      <subfield code="a">hunhun</subfield>
    </datafield>
    <datafield tag="100" ind1="1" ind2=" ">
      <subfield code="a">Veöreös Boldizsár</subfield>
      <subfield code="c">(cédulakatalógus alapján)</subfield>
    </datafield>
    <datafield tag="245" ind1="1" ind2="0">
      <subfield code="a">100.000 km-es kísérletek /</subfield>
      <subfield code="c">Veöreös Boldizsár</subfield>
    </datafield>
    <datafield tag="260" ind1=" " ind2=" ">
      <subfield code="a">Budapest :</subfield>
      <subfield code="b">Mérnöki Továbbképző Intézet,</subfield>
      <subfield code="c">1952</subfield>
      <subfield code="e">(Budapest</subfield>
      <subfield code="f">Közokt. Jegyzetell. soksz.)</subfield>
    </datafield>
    <datafield tag="300" ind1=" " ind2=" ">
      <subfield code="a">35 p. ;</subfield>
      <subfield code="c">29 cm</subfield>
    </datafield>
    <datafield tag="490" ind1="1" ind2=" ">
      <subfield code="a">Mérnöki Továbbképző Intézet előadássorozatából</subfield>
      <subfield code="v">G. 107.</subfield>
    </datafield>
    <datafield tag="830" ind1=" " ind2="0">
      <subfield code="a">Mérnöki Továbbképző Intézet előadássorozatából</subfield>
    </datafield>
    <datafield tag="852" ind1=" " ind2=" ">
      <subfield code="a">B1</subfield>
      <subfield code="b">B1</subfield>
      <subfield code="x">1281499</subfield>
    </datafield>
  </record>