
  <record>
    <leader>00800cjm  22001811  4500</leader>
    <controlfield tag="001">MOKKAZ0004583718  </controlfield>
    <controlfield tag="005">20040910082849.0</controlfield>
    <controlfield tag="008">      s1969                        und d</controlfield>
    <datafield tag="028" ind1="4" ind2="2">
      <subfield code="a">HCD 37585</subfield>
    </datafield>
    <datafield tag="035" ind1=" " ind2=" ">
      <subfield code="a">bibFSZ00430023</subfield>
    </datafield>
    <datafield tag="040" ind1=" " ind2=" ">
      <subfield code="a">FSZEK</subfield>
    </datafield>
    <datafield tag="110" ind1="2" ind2=" ">
      <subfield code="a">Omega</subfield>
    </datafield>
    <datafield tag="245" ind1="1" ind2="0">
      <subfield code="a">10000 lépés</subfield>
      <subfield code="h">[Hangfelvétel] /</subfield>
      <subfield code="c">Omega</subfield>
    </datafield>
    <datafield tag="260" ind1=" " ind2=" ">
      <subfield code="a">Budapest :</subfield>
      <subfield code="b">Hungaroton-Gong Kft,</subfield>
      <subfield code="c">1969, cop. 1992</subfield>
    </datafield>
    <datafield tag="300" ind1=" " ind2=" ">
      <subfield code="a">1 CD :</subfield>
      <subfield code="b">sztereó ;</subfield>
      <subfield code="c">12 cm</subfield>
      <subfield code="e">1 mell.</subfield>
    </datafield>
    <datafield tag="306" ind1=" " ind2=" ">
      <subfield code="a">42 min 49 s</subfield>
    </datafield>
    <datafield tag="505" ind1="0" ind2=" ">
      <subfield code="g">1.,</subfield>
      <subfield code="t">Petróleum lámpa</subfield>
      <subfield code="g">2.,</subfield>
      <subfield code="t">Gyöngyhajú lány</subfield>
      <subfield code="g">3.,</subfield>
      <subfield code="t">Tűzvihar</subfield>
      <subfield code="g">4.,</subfield>
      <subfield code="t">Udvari bolond kenyere</subfield>
      <subfield code="g">5.,</subfield>
      <subfield code="t">Kérgeskezű favágók</subfield>
      <subfield code="g">6.,</subfield>
      <subfield code="t">Tékozló fiúk</subfield>
      <subfield code="g">7.,</subfield>
      <subfield code="t">Tízezer lépés</subfield>
      <subfield code="g">8.,</subfield>
      <subfield code="t">1958-as boogie-woogie klubban</subfield>
      <subfield code="g">9.,</subfield>
      <subfield code="t">Spanyolgitár legenda</subfield>
      <subfield code="g">10.,</subfield>
      <subfield code="t">Félbeszakadt koncert</subfield>
    </datafield>
    <datafield tag="852" ind1=" " ind2=" ">
      <subfield code="a">B10</subfield>
      <subfield code="B">2301</subfield>
      <subfield code="B">0401</subfield>
      <subfield code="B">1308</subfield>
      <subfield code="B">1501</subfield>
      <subfield code="B">1404</subfield>
      <subfield code="B">0702</subfield>
      <subfield code="B">1201</subfield>
      <subfield code="b">1803</subfield>
      <subfield code="x">bibFSZ00430023</subfield>
    </datafield>
  </record>