
  <record>
    <leader>00716njm  2200193   4500</leader>
    <controlfield tag="001">MOKKAN0004326325  </controlfield>
    <controlfield tag="005">20070412044932.0</controlfield>
    <controlfield tag="008">991029s1982                        hun d</controlfield>
    <datafield tag="028" ind1=" " ind2=" ">
      <subfield code="a">SLPX 17400</subfield>
    </datafield>
    <datafield tag="035" ind1=" " ind2=" ">
      <subfield code="a">bibFSZ1306388</subfield>
    </datafield>
    <datafield tag="040" ind1=" " ind2=" ">
      <subfield code="a">FSZEK</subfield>
    </datafield>
    <datafield tag="110" ind1="2" ind2=" ">
      <subfield code="a">Omega</subfield>
    </datafield>
    <datafield tag="245" ind1="1" ind2="0">
      <subfield code="a">10000 lépés</subfield>
      <subfield code="h">[Hangfelvétel] /</subfield>
      <subfield code="c">Omega</subfield>
    </datafield>
    <datafield tag="260" ind1=" " ind2=" ">
      <subfield code="a">[Budapest] :</subfield>
      <subfield code="b">Hungaroton,</subfield>
      <subfield code="c">1982</subfield>
    </datafield>
    <datafield tag="300" ind1=" " ind2=" ">
      <subfield code="a">1 hangl. :</subfield>
      <subfield code="b">33/min. ;</subfield>
      <subfield code="c">30 cm</subfield>
    </datafield>
    <datafield tag="505" ind1="0" ind2="0">
      <subfield code="t">Petróleumlámpa ;</subfield>
      <subfield code="t">Gyöngyhajú lány ;</subfield>
      <subfield code="t">Tűzvihar ;</subfield>
      <subfield code="t">Udvari bolond kenyere ;</subfield>
      <subfield code="t">Kérgeskezű favágók ;</subfield>
      <subfield code="t">Tékozló fiúk ;</subfield>
      <subfield code="t">Tízezer lépés ;</subfield>
      <subfield code="t">1958-as boogue-woogie klubban ;</subfield>
      <subfield code="t">Spanyolgitár legenda ;</subfield>
      <subfield code="t">Fébeszakadt koncert</subfield>
    </datafield>
    <datafield tag="695" ind1=" " ind2="1">
      <subfield code="a">rock</subfield>
    </datafield>
    <datafield tag="695" ind1=" " ind2="1">
      <subfield code="a">hanglemez</subfield>
    </datafield>
    <datafield tag="852" ind1=" " ind2=" ">
      <subfield code="a">B10</subfield>
      <subfield code="b">B10</subfield>
      <subfield code="x">bibFSZ1306388</subfield>
    </datafield>
  </record>