
  <record>
    <leader>01057njm  2200229 i 4500</leader>
    <controlfield tag="001">MOKKAZ0003388074  </controlfield>
    <controlfield tag="005">20040909184421.0</controlfield>
    <controlfield tag="008">961207s1992    hu   nn          1  hun d</controlfield>
    <datafield tag="028" ind1="0" ind2=" ">
      <subfield code="a">HCD 37585</subfield>
      <subfield code="b">Hungaroton-Gong</subfield>
    </datafield>
    <datafield tag="035" ind1=" " ind2=" ">
      <subfield code="a">bibKLT00123770</subfield>
    </datafield>
    <datafield tag="040" ind1=" " ind2=" ">
      <subfield code="a">DEENK</subfield>
    </datafield>
    <datafield tag="041" ind1=" " ind2=" ">
      <subfield code="a">hun</subfield>
      <subfield code="b">hun</subfield>
    </datafield>
    <datafield tag="110" ind1="2" ind2=" ">
      <subfield code="a">Omega</subfield>
    </datafield>
    <datafield tag="245" ind1="1" ind2="0">
      <subfield code="a">10000 lépés</subfield>
      <subfield code="h">[Hgf.] /</subfield>
      <subfield code="c">Omega [együttes] ; Adamis Anna</subfield>
    </datafield>
    <datafield tag="260" ind1=" " ind2=" ">
      <subfield code="a">[Budapest] :</subfield>
      <subfield code="b">Hungaroton-Gong,</subfield>
      <subfield code="c">1992</subfield>
    </datafield>
    <datafield tag="300" ind1=" " ind2=" ">
      <subfield code="a">1 CD :</subfield>
      <subfield code="b">AAD ;</subfield>
      <subfield code="c">12 cm +</subfield>
      <subfield code="e">melléklet</subfield>
    </datafield>
    <datafield tag="306" ind1=" " ind2=" ">
      <subfield code="a">(42 min 49 s)</subfield>
    </datafield>
    <datafield tag="505" ind1="0" ind2="0">
      <subfield code="a">Petróleum lámpa ;</subfield>
      <subfield code="t">Gyöngyhajú lány ;</subfield>
      <subfield code="t">Tűzvihar ;</subfield>
      <subfield code="t">Udvari bolond kenyere ;</subfield>
      <subfield code="t">Kérgeskezű favágók ;</subfield>
      <subfield code="t">Tékozló fiúk ;</subfield>
      <subfield code="t">Tízezer lépés ;</subfield>
      <subfield code="t">1958-as boogie-woogie klubban ;</subfield>
      <subfield code="t">Spanyolgitár legenda ;</subfield>
      <subfield code="t">Félbeszakadt koncert</subfield>
    </datafield>
    <datafield tag="511" ind1="2" ind2=" ">
      <subfield code="a">Omega együttes (Kóbor János - Benkő László - Laux József - Mihály Tamás - Molnár György - Presser Gábor)</subfield>
    </datafield>
    <datafield tag="700" ind1="1" ind2=" ">
      <subfield code="a">Adamis Anna</subfield>
      <subfield code="d">(1943-)</subfield>
    </datafield>
    <datafield tag="852" ind1=" " ind2=" ">
      <subfield code="a">D1</subfield>
      <subfield code="b">D1/Z</subfield>
      <subfield code="x">bibKLT00123770</subfield>
    </datafield>
    <datafield tag="856" ind1=" " ind2="7">
      <subfield code="2">http</subfield>
      <subfield code="3">A CD borítója és zenei motívum</subfield>
      <subfield code="u">http://www.lib.klte.hu/voyager/mc/mc.cgi?00109543</subfield>
      <subfield code="x">DEENK</subfield>
    </datafield>
  </record>