
  <record>
    <leader>00447njm  2200169 i 4500</leader>
    <controlfield tag="001">MOKKAN0004605390  </controlfield>
    <controlfield tag="005">20070503111153.0</controlfield>
    <controlfield tag="008">041130s1992                            d</controlfield>
    <datafield tag="028" ind1="0" ind2=" ">
      <subfield code="a">HCD 37585</subfield>
    </datafield>
    <datafield tag="035" ind1=" " ind2=" ">
      <subfield code="a">150431120</subfield>
    </datafield>
    <datafield tag="040" ind1=" " ind2=" ">
      <subfield code="a">BDK</subfield>
    </datafield>
    <datafield tag="110" ind1="2" ind2="0">
      <subfield code="a">Omega</subfield>
    </datafield>
    <datafield tag="245" ind1="0" ind2="0">
      <subfield code="a">10000 lépés /</subfield>
      <subfield code="c">Omega</subfield>
      <subfield code="h">hangdok.</subfield>
    </datafield>
    <datafield tag="260" ind1=" " ind2=" ">
      <subfield code="a">[Budapest] :</subfield>
      <subfield code="b">Hungaroton-Gong,</subfield>
      <subfield code="c">ph. 1992</subfield>
    </datafield>
    <datafield tag="300" ind1=" " ind2=" ">
      <subfield code="a">1 CD : sztereó ;</subfield>
      <subfield code="c">12 cm</subfield>
    </datafield>
    <datafield tag="650" ind1=" " ind2="4">
      <subfield code="a">könnyűzene</subfield>
    </datafield>
    <datafield tag="852" ind1=" " ind2=" ">
      <subfield code="a">SZO1</subfield>
      <subfield code="b">SZO1</subfield>
      <subfield code="x">150431120</subfield>
    </datafield>
  </record>