
  <record>
    <leader>00991fjm  2200229 i 4500</leader>
    <controlfield tag="001">MOKKAZ0003405743  </controlfield>
    <controlfield tag="005">20040909185330.0</controlfield>
    <controlfield tag="008">961207s1996    hu   nn          1  hun d</controlfield>
    <datafield tag="028" ind1="0" ind2="0">
      <subfield code="a">MK 37585</subfield>
      <subfield code="b">Mega</subfield>
    </datafield>
    <datafield tag="035" ind1=" " ind2=" ">
      <subfield code="a">bibKLT00131192</subfield>
    </datafield>
    <datafield tag="040" ind1=" " ind2=" ">
      <subfield code="a">DEENK</subfield>
    </datafield>
    <datafield tag="041" ind1=" " ind2=" ">
      <subfield code="a">hun</subfield>
    </datafield>
    <datafield tag="110" ind1="2" ind2=" ">
      <subfield code="a">Omega</subfield>
    </datafield>
    <datafield tag="245" ind1="1" ind2="0">
      <subfield code="a">10000 lépés</subfield>
      <subfield code="h">[Hgf.] /</subfield>
      <subfield code="c">Omega [együttes] ; Adamis Anna</subfield>
    </datafield>
    <datafield tag="260" ind1=" " ind2=" ">
      <subfield code="a">[Budapest] :</subfield>
      <subfield code="b">Mega,</subfield>
      <subfield code="c">1996</subfield>
    </datafield>
    <datafield tag="300" ind1=" " ind2=" ">
      <subfield code="a">1 hangkazetta +</subfield>
      <subfield code="e">melléklet</subfield>
    </datafield>
    <datafield tag="500" ind1=" " ind2=" ">
      <subfield code="a">A felvételek 1969-ben készültek a Qualiton Stúdióban</subfield>
    </datafield>
    <datafield tag="505" ind1="0" ind2="0">
      <subfield code="a">Petróleum lámpa ;</subfield>
      <subfield code="t">Gyöngyhajú lány ;</subfield>
      <subfield code="t">Tűzvihar ;</subfield>
      <subfield code="t">Udvari bolond kenyere ;</subfield>
      <subfield code="t">Kérgeskezű favágók ;</subfield>
      <subfield code="t">Tékozló fiúk ;</subfield>
      <subfield code="t">Tízezer lépés ;</subfield>
      <subfield code="t">1958-as boogie-woogie klubban ;</subfield>
      <subfield code="t">Spanyolgitár legenda ;</subfield>
      <subfield code="t">Félbeszakadt koncert</subfield>
    </datafield>
    <datafield tag="511" ind1="2" ind2=" ">
      <subfield code="a">Omega együttes (Kóbor János - Benkő László - Laux József - Mihály Tamás - Molnár György - Presser Gábor)</subfield>
    </datafield>
    <datafield tag="700" ind1="1" ind2=" ">
      <subfield code="a">Adamis Anna</subfield>
      <subfield code="d">(1943-)</subfield>
    </datafield>
    <datafield tag="852" ind1=" " ind2=" ">
      <subfield code="a">D1</subfield>
      <subfield code="b">D1/Z</subfield>
      <subfield code="x">bibKLT00131192</subfield>
    </datafield>
    <datafield tag="852" ind1=" " ind2=" ">
      <subfield code="a">B10</subfield>
      <subfield code="b">1003</subfield>
      <subfield code="x">bibFSZ984138</subfield>
    </datafield>
  </record>