
  <record>
    <leader>00673njm  2200205   4500</leader>
    <controlfield tag="001">MOKKAN0004267987  </controlfield>
    <controlfield tag="005">20070409025117.0</controlfield>
    <controlfield tag="008">991029s2001                        eng d</controlfield>
    <datafield tag="028" ind1=" " ind2=" ">
      <subfield code="a">NR011</subfield>
    </datafield>
    <datafield tag="035" ind1=" " ind2=" ">
      <subfield code="a">bibFSZ1172189</subfield>
    </datafield>
    <datafield tag="040" ind1=" " ind2=" ">
      <subfield code="a">FSZEK</subfield>
    </datafield>
    <datafield tag="110" ind1="2" ind2=" ">
      <subfield code="a">Zeni Geva</subfield>
    </datafield>
    <datafield tag="245" ind1="1" ind2="0">
      <subfield code="a">10,000 light years</subfield>
      <subfield code="h">[Hangfelvétel] /</subfield>
      <subfield code="c">Zeni Geva</subfield>
    </datafield>
    <datafield tag="260" ind1=" " ind2=" ">
      <subfield code="a">San Francisco :</subfield>
      <subfield code="b">Neurot Recordings,</subfield>
      <subfield code="c">cop. 2001</subfield>
    </datafield>
    <datafield tag="300" ind1=" " ind2=" ">
      <subfield code="a">1 CD (38 min 48 s) ;</subfield>
      <subfield code="c">12 cm</subfield>
    </datafield>
    <datafield tag="500" ind1=" " ind2=" ">
      <subfield code="a">Kemény papírtokban</subfield>
    </datafield>
    <datafield tag="505" ind1="0" ind2="0">
      <subfield code="t">10,000 light years ;</subfield>
      <subfield code="t">Implosion ;</subfield>
      <subfield code="t">Blastsphere ;</subfield>
      <subfield code="t">Interzona 2 ;</subfield>
      <subfield code="t">Trannycide ;</subfield>
      <subfield code="t">Last nanosecond ;</subfield>
      <subfield code="t">Hazchem ;</subfield>
      <subfield code="t">Auto-fuck</subfield>
    </datafield>
    <datafield tag="695" ind1=" " ind2="1">
      <subfield code="a">rock</subfield>
    </datafield>
    <datafield tag="695" ind1=" " ind2="1">
      <subfield code="a">experimental</subfield>
    </datafield>
    <datafield tag="852" ind1=" " ind2=" ">
      <subfield code="a">B10</subfield>
      <subfield code="b">B10</subfield>
      <subfield code="x">bibFSZ1172189</subfield>
    </datafield>
  </record>