
  <record>
    <leader>00782cjm  22001691  4500</leader>
    <controlfield tag="001">MOKKAZ0004587689  </controlfield>
    <controlfield tag="005">20040910083050.0</controlfield>
    <controlfield tag="008">      s1993                        und d</controlfield>
    <datafield tag="028" ind1="4" ind2="2">
      <subfield code="a">7559-61569-2</subfield>
    </datafield>
    <datafield tag="035" ind1=" " ind2=" ">
      <subfield code="a">bibFSZ00433994</subfield>
    </datafield>
    <datafield tag="040" ind1=" " ind2=" ">
      <subfield code="a">FSZEK</subfield>
    </datafield>
    <datafield tag="245" ind1="0" ind2="0">
      <subfield code="a">10000 Maniacs MTV Unplugged</subfield>
      <subfield code="h">[Hangfelvétel]</subfield>
    </datafield>
    <datafield tag="260" ind1=" " ind2=" ">
      <subfield code="a">Germany :</subfield>
      <subfield code="b">Elektra Entertainment,</subfield>
      <subfield code="c">1993</subfield>
    </datafield>
    <datafield tag="300" ind1=" " ind2=" ">
      <subfield code="a">1 CD :</subfield>
      <subfield code="b">sztereó ;</subfield>
      <subfield code="c">12 cm</subfield>
      <subfield code="e">1 mell.</subfield>
    </datafield>
    <datafield tag="306" ind1=" " ind2=" ">
      <subfield code="a">61 min 17 s</subfield>
    </datafield>
    <datafield tag="505" ind1="0" ind2=" ">
      <subfield code="g">1.,</subfield>
      <subfield code="t">These Are Days</subfield>
      <subfield code="g">2.,</subfield>
      <subfield code="t">Eat For Two</subfield>
      <subfield code="g">3.,</subfield>
      <subfield code="t">Candy Everybody Wants</subfield>
      <subfield code="g">4.,</subfield>
      <subfield code="t">I'm Not The Man</subfield>
      <subfield code="g">5.,</subfield>
      <subfield code="t">Don't Talk</subfield>
      <subfield code="g">6.,</subfield>
      <subfield code="t">Hey Jack Kerouac</subfield>
      <subfield code="g">7.,</subfield>
      <subfield code="t">What's The Matter Here?</subfield>
      <subfield code="g">8.,</subfield>
      <subfield code="t">Gold Rush Brides</subfield>
      <subfield code="g">9.,</subfield>
      <subfield code="t">Like The Weather</subfield>
      <subfield code="g">10.,</subfield>
      <subfield code="t">Trouble Me</subfield>
      <subfield code="g">11.,</subfield>
      <subfield code="t">Jezebel</subfield>
      <subfield code="g">12.,</subfield>
      <subfield code="t">Because The Night</subfield>
      <subfield code="g">13.,</subfield>
      <subfield code="t">Stockton Gala Days</subfield>
      <subfield code="g">14.,</subfield>
      <subfield code="t">Noah's Dove</subfield>
    </datafield>
    <datafield tag="852" ind1=" " ind2=" ">
      <subfield code="a">B10</subfield>
      <subfield code="b">1308</subfield>
      <subfield code="x">bibFSZ00433994</subfield>
    </datafield>
  </record>