
  <record>
    <leader>00397cam  22001337  4500</leader>
    <controlfield tag="001">MOKKAZ0004423030  </controlfield>
    <controlfield tag="005">20040910070509.0</controlfield>
    <controlfield tag="008">      s1937                        und d</controlfield>
    <datafield tag="035" ind1=" " ind2=" ">
      <subfield code="a">bibFSZ00269111</subfield>
    </datafield>
    <datafield tag="040" ind1=" " ind2=" ">
      <subfield code="a">FSZEK</subfield>
    </datafield>
    <datafield tag="100" ind1="1" ind2=" ">
      <subfield code="a">Visegrády József</subfield>
    </datafield>
    <datafield tag="245" ind1="1" ind2="0">
      <subfield code="a">100.000 motoros gépjáróművet Magyarországnak /</subfield>
      <subfield code="c">Visegrády József</subfield>
    </datafield>
    <datafield tag="260" ind1=" " ind2=" ">
      <subfield code="a">[S.l.] :</subfield>
      <subfield code="b">[S.n.],</subfield>
      <subfield code="c">1937</subfield>
    </datafield>
    <datafield tag="852" ind1=" " ind2=" ">
      <subfield code="a">B10</subfield>
      <subfield code="b">0801</subfield>
      <subfield code="x">bibFSZ00269111</subfield>
    </datafield>
  </record>