
  <record>
    <leader>00778nama 22002051i 4500</leader>
    <controlfield tag="001">MOKKAS0000516217  </controlfield>
    <controlfield tag="005">20060117203614.0</controlfield>
    <controlfield tag="008">040730s1953    hu            000 0 hunod</controlfield>
    <datafield tag="035" ind1=" " ind2=" ">
      <subfield code="a">1275007</subfield>
    </datafield>
    <datafield tag="040" ind1=" " ind2=" ">
      <subfield code="a">OSZK</subfield>
    </datafield>
    <datafield tag="041" ind1="0" ind2=" ">
      <subfield code="a">hunhun</subfield>
    </datafield>
    <datafield tag="100" ind1="1" ind2=" ">
      <subfield code="a">Korbuly László</subfield>
    </datafield>
    <datafield tag="245" ind1="1" ind2="0">
      <subfield code="a">10.000 tonna évi teljesítményű sorozatgyártó szürkevas-öntöde tervezésének ismertetése /</subfield>
      <subfield code="c">Korbuly László, Davida Ervin</subfield>
    </datafield>
    <datafield tag="260" ind1=" " ind2=" ">
      <subfield code="a">Budapest :</subfield>
      <subfield code="b">Felsőokt. Jegyzetell. soksz.,</subfield>
      <subfield code="c">1953</subfield>
    </datafield>
    <datafield tag="300" ind1=" " ind2=" ">
      <subfield code="a">143 p. ;</subfield>
      <subfield code="c">29 cm</subfield>
    </datafield>
    <datafield tag="490" ind1="1" ind2=" ">
      <subfield code="a">Mérnöki Továbbképző Intézet előadássorozatából</subfield>
      <subfield code="v">G. II. 1.</subfield>
    </datafield>
    <datafield tag="700" ind1="1" ind2="0">
      <subfield code="a">Davida Ervin</subfield>
      <subfield code="c">(cédulakatalógus alapján)</subfield>
    </datafield>
    <datafield tag="830" ind1=" " ind2="0">
      <subfield code="a">Mérnöki Továbbképző Intézet előadássorozatából</subfield>
    </datafield>
    <datafield tag="852" ind1=" " ind2=" ">
      <subfield code="a">B1</subfield>
      <subfield code="b">B1</subfield>
      <subfield code="x">1275007</subfield>
    </datafield>
    <datafield tag="852" ind1=" " ind2=" ">
      <subfield code="a">B11</subfield>
      <subfield code="b">B11</subfield>
      <subfield code="x">BMEOMIKK000151409</subfield>
    </datafield>
  </record>