
  <record>
    <leader>00738cam  2200229   4500</leader>
    <controlfield tag="001">MOKKAZ0004791128  </controlfield>
    <controlfield tag="005">20040910103109.0</controlfield>
    <controlfield tag="008">      s1989                        ger  </controlfield>
    <datafield tag="020" ind1=" " ind2=" ">
      <subfield code="a">3 87045 257 9 :</subfield>
    </datafield>
    <datafield tag="035" ind1=" " ind2=" ">
      <subfield code="a">bibJPT0034898</subfield>
    </datafield>
    <datafield tag="040" ind1=" " ind2=" ">
      <subfield code="a">PTE</subfield>
    </datafield>
    <datafield tag="100" ind1="1" ind2=" ">
      <subfield code="a">Neubecker, Ottfried</subfield>
      <subfield code="d">(1908-)</subfield>
    </datafield>
    <datafield tag="245" ind1="1" ind2="0">
      <subfield code="a">10000 Wappen und Embleme von Staaten und Städten nach Bildmotiven angeordnet, mit alphabetischem Register /</subfield>
      <subfield code="c">Ottfried Neubecker, Wilhelm Rentzmann</subfield>
    </datafield>
    <datafield tag="260" ind1=" " ind2=" ">
      <subfield code="a">München :</subfield>
      <subfield code="b">Battenberg,</subfield>
      <subfield code="c">1989</subfield>
    </datafield>
    <datafield tag="300" ind1=" " ind2=" ">
      <subfield code="a">418 p. :</subfield>
      <subfield code="b">ill. ;</subfield>
      <subfield code="c">35 cm</subfield>
    </datafield>
    <datafield tag="600" ind1="1" ind2=" ">
      <subfield code="a">Zehntausend</subfield>
    </datafield>
    <datafield tag="695" ind1=" " ind2=" ">
      <subfield code="a">Címertan</subfield>
    </datafield>
    <datafield tag="695" ind1=" " ind2=" ">
      <subfield code="a">Városcímer</subfield>
    </datafield>
    <datafield tag="695" ind1=" " ind2=" ">
      <subfield code="a">államcímer</subfield>
    </datafield>
    <datafield tag="695" ind1=" " ind2=" ">
      <subfield code="a">Címergyűjtemény</subfield>
    </datafield>
    <datafield tag="700" ind1="1" ind2=" ">
      <subfield code="a">Rentzmann, Wilhelm</subfield>
    </datafield>
    <datafield tag="852" ind1=" " ind2=" ">
      <subfield code="a">P1</subfield>
      <subfield code="b">P1/O</subfield>
      <subfield code="x">bibJPT0034898</subfield>
    </datafield>
  </record>