
  <record>
    <leader>01253aam  2200361   4500</leader>
    <controlfield tag="001">MOKKAS0002472728  </controlfield>
    <controlfield tag="005">20060617223807.0</controlfield>
    <controlfield tag="008">951212 1989                        eng  </controlfield>
    <datafield tag="020" ind1=" " ind2=" ">
      <subfield code="a">087905343</subfield>
    </datafield>
    <datafield tag="035" ind1=" " ind2=" ">
      <subfield code="a">bibMIF00010428</subfield>
    </datafield>
    <datafield tag="040" ind1=" " ind2=" ">
      <subfield code="a">MOME</subfield>
    </datafield>
    <datafield tag="242" ind1=" " ind2="3">
      <subfield code="a">Az "1000 repülőgép a tetőn" c. kamaraopera látványtervei</subfield>
    </datafield>
    <datafield tag="245" ind1="0" ind2="0">
      <subfield code="a">1000 airplanes on the roof :</subfield>
      <subfield code="b">A science fiction music-drama /</subfield>
      <subfield code="c">Realized by Philip Glass, David Henry Hwang, Jerome Sirlin ; Introd. by John Howell</subfield>
    </datafield>
    <datafield tag="260" ind1=" " ind2=" ">
      <subfield code="a">Salt Lake City :</subfield>
      <subfield code="b">Gibbs-Smith Publ.,</subfield>
      <subfield code="c">cop. 1989</subfield>
    </datafield>
    <datafield tag="300" ind1=" " ind2=" ">
      <subfield code="a">63 p.</subfield>
      <subfield code="b">ill.</subfield>
    </datafield>
    <datafield tag="500" ind1=" " ind2=" ">
      <subfield code="a">60 színes fotó</subfield>
    </datafield>
    <datafield tag="650" ind1=" " ind2="7">
      <subfield code="a">visual communication</subfield>
      <subfield code="x">scenery planning</subfield>
      <subfield code="y">USA</subfield>
      <subfield code="z">20.cent.</subfield>
      <subfield code="2">szte</subfield>
    </datafield>
    <datafield tag="650" ind1=" " ind2="7">
      <subfield code="a">vizuális kommunikáció</subfield>
      <subfield code="x">látványtervezés</subfield>
      <subfield code="y">Egyesült Államok</subfield>
      <subfield code="z">20. sz.</subfield>
      <subfield code="2">szte</subfield>
    </datafield>
    <datafield tag="695" ind1=" " ind2=" ">
      <subfield code="a">vizuális hatás</subfield>
    </datafield>
    <datafield tag="695" ind1=" " ind2=" ">
      <subfield code="a">vizuális kommunikáció</subfield>
    </datafield>
    <datafield tag="695" ind1=" " ind2=" ">
      <subfield code="a">zeneművészet</subfield>
    </datafield>
    <datafield tag="695" ind1=" " ind2=" ">
      <subfield code="a">színházművészet</subfield>
    </datafield>
    <datafield tag="695" ind1=" " ind2=" ">
      <subfield code="a">színalkalmazás</subfield>
    </datafield>
    <datafield tag="695" ind1=" " ind2=" ">
      <subfield code="a">vizuális kultúra</subfield>
    </datafield>
    <datafield tag="695" ind1=" " ind2=" ">
      <subfield code="a">Egyesült Államok[USA]</subfield>
    </datafield>
    <datafield tag="695" ind1=" " ind2=" ">
      <subfield code="a">látványtervezés</subfield>
    </datafield>
    <datafield tag="695" ind1=" " ind2=" ">
      <subfield code="a">opera[kamara]</subfield>
    </datafield>
    <datafield tag="695" ind1=" " ind2=" ">
      <subfield code="a">sci-fi</subfield>
    </datafield>
    <datafield tag="695" ind1=" " ind2=" ">
      <subfield code="a">1980</subfield>
    </datafield>
    <datafield tag="700" ind1="1" ind2=" ">
      <subfield code="a">Glass, Philip</subfield>
    </datafield>
    <datafield tag="700" ind1="1" ind2=" ">
      <subfield code="a">Hwang, David Henry</subfield>
    </datafield>
    <datafield tag="700" ind1="1" ind2=" ">
      <subfield code="a">Sirlin, Jerome</subfield>
    </datafield>
    <datafield tag="852" ind1=" " ind2=" ">
      <subfield code="a">B646</subfield>
      <subfield code="b">B646</subfield>
      <subfield code="x">bibMIF00010428</subfield>
    </datafield>
  </record>