
  <record>
    <leader>00848cjm  22001811  4500</leader>
    <controlfield tag="001">MOKKAZ0004586578  </controlfield>
    <controlfield tag="005">20040910083016.0</controlfield>
    <controlfield tag="008">      s1989                        und d</controlfield>
    <datafield tag="028" ind1="4" ind2="2">
      <subfield code="a">CDVE 39</subfield>
    </datafield>
    <datafield tag="035" ind1=" " ind2=" ">
      <subfield code="a">bibFSZ00432883</subfield>
    </datafield>
    <datafield tag="040" ind1=" " ind2=" ">
      <subfield code="a">FSZEK</subfield>
    </datafield>
    <datafield tag="245" ind1="0" ind2="0">
      <subfield code="a">1000 Airplanes On The Roof</subfield>
      <subfield code="h">[Hangfelvétel] /</subfield>
      <subfield code="c">Philip Glass</subfield>
    </datafield>
    <datafield tag="260" ind1=" " ind2=" ">
      <subfield code="a">Germany :</subfield>
      <subfield code="b">Virgin Records Ltd.,</subfield>
      <subfield code="c">1989</subfield>
    </datafield>
    <datafield tag="300" ind1=" " ind2=" ">
      <subfield code="a">1 CD :</subfield>
      <subfield code="b">sztereó ;</subfield>
      <subfield code="c">12 cm</subfield>
      <subfield code="e">mell.</subfield>
    </datafield>
    <datafield tag="306" ind1=" " ind2=" ">
      <subfield code="a">54 min 24 s</subfield>
    </datafield>
    <datafield tag="505" ind1="0" ind2=" ">
      <subfield code="g">1.,</subfield>
      <subfield code="t">100 Airplanes On The Roof</subfield>
      <subfield code="g">2.,</subfield>
      <subfield code="t">City Walk</subfield>
      <subfield code="g">3.,</subfield>
      <subfield code="t">Girlfriend</subfield>
      <subfield code="g">4.,</subfield>
      <subfield code="t">My Building Disappeared</subfield>
      <subfield code="g">5.,</subfield>
      <subfield code="t">Screens Of Memory</subfield>
      <subfield code="g">6.,</subfield>
      <subfield code="t">What Time Is Grey</subfield>
      <subfield code="g">7.,</subfield>
      <subfield code="t">Labyrinth</subfield>
      <subfield code="g">8.,</subfield>
      <subfield code="t">Return To The Hive</subfield>
      <subfield code="g">9.,</subfield>
      <subfield code="t">Three Truths</subfield>
      <subfield code="g">10.,</subfield>
      <subfield code="t">The Encounter</subfield>
      <subfield code="g">11.,</subfield>
      <subfield code="t">Grey Cloud Over New York</subfield>
      <subfield code="g">12.,</subfield>
      <subfield code="t">Where Have You Been Asked The Doctor</subfield>
      <subfield code="g">13.,</subfield>
      <subfield code="t">A Normal Man Running</subfield>
    </datafield>
    <datafield tag="700" ind1="1" ind2=" ">
      <subfield code="a">Glass, Philip</subfield>
      <subfield code="4">előadó</subfield>
    </datafield>
    <datafield tag="852" ind1=" " ind2=" ">
      <subfield code="a">B10</subfield>
      <subfield code="b">0401</subfield>
      <subfield code="x">bibFSZ00432883</subfield>
    </datafield>
  </record>