
  <record>
    <leader>00620njm  2200193   4500</leader>
    <controlfield tag="001">MOKKAN0004254412  </controlfield>
    <controlfield tag="005">20070408182548.0</controlfield>
    <controlfield tag="008">991029s2000                        lat d</controlfield>
    <datafield tag="028" ind1=" " ind2=" ">
      <subfield code="a">HMU 907224</subfield>
    </datafield>
    <datafield tag="035" ind1=" " ind2=" ">
      <subfield code="a">bibFSZ1082493</subfield>
    </datafield>
    <datafield tag="040" ind1=" " ind2=" ">
      <subfield code="a">FSZEK</subfield>
    </datafield>
    <datafield tag="041" ind1=" " ind2=" ">
      <subfield code="d">lat</subfield>
      <subfield code="g">gerengfre</subfield>
    </datafield>
    <datafield tag="245" ind1="0" ind2="0">
      <subfield code="a">1000: a mass for the end of time</subfield>
      <subfield code="h">[Hangfelvétel] :</subfield>
      <subfield code="b">medieval chant and polyphony for the ascension</subfield>
    </datafield>
    <datafield tag="260" ind1=" " ind2=" ">
      <subfield code="a">Los Angeles :</subfield>
      <subfield code="b">Harmonia Mundi USA,</subfield>
      <subfield code="c">cop. 2000</subfield>
    </datafield>
    <datafield tag="300" ind1=" " ind2=" ">
      <subfield code="a">1 CD ;</subfield>
      <subfield code="c">12 cm +</subfield>
      <subfield code="e">1 mell. (44 p.)</subfield>
    </datafield>
    <datafield tag="306" ind1=" " ind2=" ">
      <subfield code="a">(72 min 27 s)</subfield>
    </datafield>
    <datafield tag="511" ind1="2" ind2=" ">
      <subfield code="a">Anonymous 4</subfield>
    </datafield>
    <datafield tag="710" ind1="2" ind2=" ">
      <subfield code="a">Anonymous 4</subfield>
      <subfield code="4">énekegyüttes</subfield>
    </datafield>
    <datafield tag="852" ind1=" " ind2=" ">
      <subfield code="a">B10</subfield>
      <subfield code="b">0801Z</subfield>
      <subfield code="x">bibFSZ1082493</subfield>
    </datafield>
  </record>