
  <record>
    <leader>00566cam  2200193 i 4500</leader>
    <controlfield tag="001">MOKKAZ0005274431  </controlfield>
    <controlfield tag="005">20070313080519.0</controlfield>
    <controlfield tag="008">020507s2002    hu a          00010 mul d</controlfield>
    <datafield tag="020" ind1=" " ind2=" ">
      <subfield code="a">963 86130 1 7</subfield>
    </datafield>
    <datafield tag="035" ind1=" " ind2=" ">
      <subfield code="a">159257</subfield>
    </datafield>
    <datafield tag="040" ind1=" " ind2=" ">
      <subfield code="a">MEKLM</subfield>
    </datafield>
    <datafield tag="041" ind1="0" ind2=" ">
      <subfield code="a">huneng</subfield>
    </datafield>
    <datafield tag="100" ind1="1" ind2=" ">
      <subfield code="a">Dávid Katalin Zsuzsanna</subfield>
    </datafield>
    <datafield tag="245" ind1="1" ind2="0">
      <subfield code="a">1000 angol tesztkérdés /</subfield>
      <subfield code="c">[szerzők Dávid Katalin Zsuzsanna, David P. Curley]</subfield>
    </datafield>
    <datafield tag="260" ind1=" " ind2=" ">
      <subfield code="a">Szeged :</subfield>
      <subfield code="b">Maxim,</subfield>
      <subfield code="c">2002</subfield>
    </datafield>
    <datafield tag="300" ind1=" " ind2=" ">
      <subfield code="a">156 p. :</subfield>
      <subfield code="b">ill. ;</subfield>
      <subfield code="c">21 cm</subfield>
    </datafield>
    <datafield tag="650" ind1="0" ind2="4">
      <subfield code="a">angol nyelv</subfield>
      <subfield code="x">tesztek</subfield>
    </datafield>
    <datafield tag="700" ind1="1" ind2=" ">
      <subfield code="a">Curley, David P.</subfield>
    </datafield>
    <datafield tag="852" ind1=" " ind2=" ">
      <subfield code="a">P1</subfield>
      <subfield code="b">P1/SZ</subfield>
      <subfield code="x">bibJPT00210282</subfield>
    </datafield>
  </record>