
  <record>
    <leader>00734nmm  2200193 i 4500</leader>
    <controlfield tag="001">MOKKAW0005424941  </controlfield>
    <controlfield tag="005">20080412190820.0</controlfield>
    <controlfield tag="008">010305s2000    hu n       ua       eng d</controlfield>
    <datafield tag="035" ind1=" " ind2=" ">
      <subfield code="a">bibKLT00284393</subfield>
    </datafield>
    <datafield tag="040" ind1=" " ind2=" ">
      <subfield code="a">DEENK</subfield>
    </datafield>
    <datafield tag="245" ind1="0" ind2="0">
      <subfield code="a">1000 angol üzleti levélminta</subfield>
      <subfield code="h">[elektronikus dokumentum]</subfield>
    </datafield>
    <datafield tag="256" ind1=" " ind2=" ">
      <subfield code="a">Szöveg</subfield>
    </datafield>
    <datafield tag="260" ind1=" " ind2=" ">
      <subfield code="a">Budapest :</subfield>
      <subfield code="b">Jogi Kiadó,</subfield>
      <subfield code="c">[2000]</subfield>
    </datafield>
    <datafield tag="300" ind1=" " ind2=" ">
      <subfield code="a">1 CD-ROM ;</subfield>
      <subfield code="c">12 cm</subfield>
    </datafield>
    <datafield tag="500" ind1=" " ind2=" ">
      <subfield code="a">Főcím a disc címkéjéről</subfield>
    </datafield>
    <datafield tag="500" ind1=" " ind2=" ">
      <subfield code="a">A levélminták felhasználhatók a Windows alatt működő Word (.doc) ill. Write (.wri) szövegszerkesztők, valamint a DOS (.txt) rendszerben futó programok segítségével.</subfield>
    </datafield>
    <datafield tag="650" ind1=" " ind2="4">
      <subfield code="a">Üzleti kommunikáció</subfield>
    </datafield>
    <datafield tag="650" ind1=" " ind2="0">
      <subfield code="a">Business communication.</subfield>
    </datafield>
    <datafield tag="852" ind1=" " ind2=" ">
      <subfield code="a">D1</subfield>
      <subfield code="b">D1/PM</subfield>
      <subfield code="x">bibKLT00284393</subfield>
    </datafield>
  </record>