
  <record>
    <leader>00597nam  2200181   4500</leader>
    <controlfield tag="001">MOKKAN0004365768  </controlfield>
    <controlfield tag="005">20070413074809.0</controlfield>
    <controlfield tag="008">070327s2006                        hun d</controlfield>
    <datafield tag="020" ind1=" " ind2=" ">
      <subfield code="a">963-369-934-8</subfield>
    </datafield>
    <datafield tag="035" ind1=" " ind2=" ">
      <subfield code="a">bibFSZ01354304</subfield>
    </datafield>
    <datafield tag="040" ind1=" " ind2=" ">
      <subfield code="a">FSZEK</subfield>
    </datafield>
    <datafield tag="041" ind1=" " ind2=" ">
      <subfield code="a">hun</subfield>
    </datafield>
    <datafield tag="240" ind1=" " ind2="0">
      <subfield code="a">1000 automobile</subfield>
    </datafield>
    <datafield tag="245" ind1="0" ind2="0">
      <subfield code="a">1000 automobil :</subfield>
      <subfield code="b">történelem, klasszikusok, technika : [a leghíresebb oldtimerek 1886-és 1975 között] /</subfield>
      <subfield code="c">[... szerk. Kővári Sarolta</subfield>
    </datafield>
    <datafield tag="260" ind1=" " ind2=" ">
      <subfield code="a">Pécs :</subfield>
      <subfield code="b">Alexandra,</subfield>
      <subfield code="c">2006</subfield>
    </datafield>
    <datafield tag="300" ind1=" " ind2=" ">
      <subfield code="a">359, [1] p. :</subfield>
      <subfield code="b">ill ;</subfield>
      <subfield code="c">31 cm</subfield>
    </datafield>
    <datafield tag="700" ind1="1" ind2=" ">
      <subfield code="a">Kővári Sarolta</subfield>
      <subfield code="4">szerk</subfield>
    </datafield>
    <datafield tag="852" ind1=" " ind2=" ">
      <subfield code="a">B10</subfield>
      <subfield code="b">B10</subfield>
      <subfield code="x">bibFSZ01354304</subfield>
    </datafield>
  </record>