
  <record>
    <leader>00496nam  2200181 i 4500</leader>
    <controlfield tag="001">MOKKAS0003517369  </controlfield>
    <controlfield tag="005">20060606020431.0</controlfield>
    <controlfield tag="008">050714s1966                        fre d</controlfield>
    <datafield tag="035" ind1=" " ind2=" ">
      <subfield code="a">592526</subfield>
    </datafield>
    <datafield tag="040" ind1=" " ind2=" ">
      <subfield code="a">OIK</subfield>
    </datafield>
    <datafield tag="041" ind1="0" ind2=" ">
      <subfield code="a">fre</subfield>
    </datafield>
    <datafield tag="100" ind1="1" ind2=" ">
      <subfield code="a">Blancpain, Marc</subfield>
      <subfield code="d">(1909-)</subfield>
    </datafield>
    <datafield tag="245" ind1="1" ind2="0">
      <subfield code="a">1000 "billets du Parisien"</subfield>
    </datafield>
    <datafield tag="260" ind1=" " ind2=" ">
      <subfield code="a">Périgueux :</subfield>
      <subfield code="b">Fanlac,</subfield>
      <subfield code="c">1966</subfield>
    </datafield>
    <datafield tag="300" ind1=" " ind2=" ">
      <subfield code="a">501 p. ;</subfield>
      <subfield code="c">25 cm</subfield>
    </datafield>
    <datafield tag="650" ind1=" " ind2="4">
      <subfield code="a">Francia memoárok. Történetirás. Krónikák</subfield>
    </datafield>
    <datafield tag="650" ind1=" " ind2="4">
      <subfield code="a">Francia publicisztika</subfield>
    </datafield>
    <datafield tag="852" ind1=" " ind2=" ">
      <subfield code="a">B14</subfield>
      <subfield code="b">B14</subfield>
      <subfield code="x">592526</subfield>
    </datafield>
  </record>