
  <record>
    <leader>00466nam  2200169 i 4500</leader>
    <controlfield tag="001">MOKKAS0003571986  </controlfield>
    <controlfield tag="005">20060606093924.0</controlfield>
    <controlfield tag="008">050715s2000                        dan d</controlfield>
    <datafield tag="020" ind1=" " ind2=" ">
      <subfield code="a">87 621 0037 8 (kötött)</subfield>
    </datafield>
    <datafield tag="035" ind1=" " ind2=" ">
      <subfield code="a">745787</subfield>
    </datafield>
    <datafield tag="040" ind1=" " ind2=" ">
      <subfield code="a">OIK</subfield>
    </datafield>
    <datafield tag="041" ind1="0" ind2=" ">
      <subfield code="a">dan</subfield>
    </datafield>
    <datafield tag="245" ind1="1" ind2="0">
      <subfield code="a">1000 danske digte /</subfield>
      <subfield code="c">red. af Thomas Bredsorff, Anne-Marie Mai</subfield>
    </datafield>
    <datafield tag="260" ind1=" " ind2=" ">
      <subfield code="a">Kobenhavn :</subfield>
      <subfield code="b">Rosinante,</subfield>
      <subfield code="c">2000</subfield>
    </datafield>
    <datafield tag="300" ind1=" " ind2=" ">
      <subfield code="a">1563 p. ;</subfield>
      <subfield code="c">23 cm</subfield>
    </datafield>
    <datafield tag="650" ind1=" " ind2="4">
      <subfield code="a">Dán költészet</subfield>
    </datafield>
    <datafield tag="852" ind1=" " ind2=" ">
      <subfield code="a">B14</subfield>
      <subfield code="b">B14</subfield>
      <subfield code="x">745787</subfield>
    </datafield>
  </record>