
  <record>
    <leader>00636cam  2200217 i 4500</leader>
    <controlfield tag="001">MOKKAS0001989042  </controlfield>
    <controlfield tag="005">20060531215347.0</controlfield>
    <controlfield tag="008">050329s1995    gw                1dger d</controlfield>
    <datafield tag="020" ind1=" " ind2=" ">
      <subfield code="a">fűzött</subfield>
    </datafield>
    <datafield tag="035" ind1=" " ind2=" ">
      <subfield code="a">316948</subfield>
    </datafield>
    <datafield tag="040" ind1=" " ind2=" ">
      <subfield code="a">ELTE</subfield>
    </datafield>
    <datafield tag="041" ind1="0" ind2=" ">
      <subfield code="a">ger</subfield>
    </datafield>
    <datafield tag="245" ind1="0" ind2="0">
      <subfield code="a">1000 Deutsche Gedichte und ihre Interpretationen /</subfield>
      <subfield code="c">Hrsg. von Marcel Reich-Ranicki</subfield>
    </datafield>
    <datafield tag="250" ind1=" " ind2=" ">
      <subfield code="a">2. Aufl.</subfield>
    </datafield>
    <datafield tag="260" ind1=" " ind2=" ">
      <subfield code="a">Frankfurt/M. ;</subfield>
      <subfield code="a">Leipzig :</subfield>
      <subfield code="b">Insel-Verl.,</subfield>
      <subfield code="c">1995</subfield>
    </datafield>
    <datafield tag="300" ind1=" " ind2=" ">
      <subfield code="a">10 db ;</subfield>
      <subfield code="c">20 cm</subfield>
    </datafield>
    <datafield tag="490" ind1="1" ind2=" ">
      <subfield code="a">(Insel-Taschenbuch)</subfield>
    </datafield>
    <datafield tag="650" ind1="0" ind2="4">
      <subfield code="a">Deutsch</subfield>
      <subfield code="x">Lyrik</subfield>
      <subfield code="x">Geschichte</subfield>
    </datafield>
    <datafield tag="700" ind1="1" ind2=" ">
      <subfield code="a">Reich-Ranicki, Marcel</subfield>
      <subfield code="d">(1920-)</subfield>
    </datafield>
    <datafield tag="830" ind1=" " ind2="0">
      <subfield code="a">Insel Taschenbuch</subfield>
    </datafield>
    <datafield tag="852" ind1=" " ind2=" ">
      <subfield code="a">B2</subfield>
      <subfield code="b">B2</subfield>
      <subfield code="x">316948</subfield>
    </datafield>
  </record>