
  <record>
    <leader>00558nam  2200181  r4500</leader>
    <controlfield tag="001">MOKKAS0003715695  </controlfield>
    <controlfield tag="005">20060615010023.0</controlfield>
    <controlfield tag="008">001122s1996    ge            00010 ger d</controlfield>
    <datafield tag="020" ind1=" " ind2=" ">
      <subfield code="a">nincs (fűzött)</subfield>
    </datafield>
    <datafield tag="035" ind1=" " ind2=" ">
      <subfield code="a">bibTMK00009589</subfield>
    </datafield>
    <datafield tag="040" ind1=" " ind2=" ">
      <subfield code="a">IGYUK</subfield>
    </datafield>
    <datafield tag="245" ind1="0" ind2="0">
      <subfield code="a">1000 Deutsche Gedichte und ihre Interpretationen /</subfield>
      <subfield code="c">hrsg. von Marcel Reich Ranicki</subfield>
    </datafield>
    <datafield tag="250" ind1=" " ind2=" ">
      <subfield code="a">3. Aufl.</subfield>
    </datafield>
    <datafield tag="260" ind1=" " ind2=" ">
      <subfield code="a">Frankfurt am Main ;</subfield>
      <subfield code="a">Leipzig :</subfield>
      <subfield code="b">Insel,</subfield>
      <subfield code="c">1996</subfield>
    </datafield>
    <datafield tag="300" ind1=" " ind2=" ">
      <subfield code="1">0 db ;</subfield>
      <subfield code="c">20 cm</subfield>
    </datafield>
    <datafield tag="500" ind1=" " ind2=" ">
      <subfield code="a">Mutatókkal</subfield>
    </datafield>
    <datafield tag="700" ind1="2" ind2=" ">
      <subfield code="a">Reich-Ranicki, Marcel</subfield>
      <subfield code="d">(1920-)</subfield>
    </datafield>
    <datafield tag="852" ind1=" " ind2=" ">
      <subfield code="a">SZK1</subfield>
      <subfield code="b">SZK1</subfield>
      <subfield code="x">bibTMK00009589</subfield>
    </datafield>
  </record>