
  <record>
    <leader>00795aam  2200229 i 4500</leader>
    <controlfield tag="001">MOKKAS0003790458  </controlfield>
    <controlfield tag="005">20090717092643.0</controlfield>
    <controlfield tag="008">910122 1981    gw            0001  ger  </controlfield>
    <datafield tag="020" ind1=" " ind2=" ">
      <subfield code="a">3 468 43112 0</subfield>
    </datafield>
    <datafield tag="035" ind1=" " ind2=" ">
      <subfield code="a">bibJAT00195435</subfield>
    </datafield>
    <datafield tag="040" ind1=" " ind2=" ">
      <subfield code="a">SZTE</subfield>
    </datafield>
    <datafield tag="100" ind1="1" ind2=" ">
      <subfield code="a">Griesbach, Heinz</subfield>
    </datafield>
    <datafield tag="245" ind1="1" ind2="0">
      <subfield code="a">1000 deutsche Redensarten :</subfield>
      <subfield code="b">mit Erklärungen und Anwendungsbeispielen /</subfield>
      <subfield code="c">Heinz Griesbach, Dora Schulz ; [ill. Theo Scherling]</subfield>
    </datafield>
    <datafield tag="250" ind1=" " ind2=" ">
      <subfield code="a">Neubearb.</subfield>
    </datafield>
    <datafield tag="260" ind1=" " ind2=" ">
      <subfield code="a">Berlin etc. :</subfield>
      <subfield code="b">Langenscheidt,</subfield>
      <subfield code="c">1981</subfield>
    </datafield>
    <datafield tag="300" ind1=" " ind2=" ">
      <subfield code="a">248 p. :</subfield>
      <subfield code="b">ill. ;</subfield>
      <subfield code="c">19 cm</subfield>
    </datafield>
    <datafield tag="650" ind1=" " ind2="7">
      <subfield code="a">Német nyelv</subfield>
      <subfield code="x">szólások</subfield>
      <subfield code="x">lexikon</subfield>
      <subfield code="2">szte</subfield>
    </datafield>
    <datafield tag="650" ind1=" " ind2="7">
      <subfield code="a">Szólások</subfield>
      <subfield code="x">német</subfield>
      <subfield code="x">lexikon</subfield>
      <subfield code="2">szte</subfield>
    </datafield>
    <datafield tag="650" ind1=" " ind2="7">
      <subfield code="a">Nyelvsajátosságok</subfield>
      <subfield code="x">német</subfield>
      <subfield code="x">lexikon</subfield>
      <subfield code="2">szte</subfield>
    </datafield>
    <datafield tag="700" ind1="1" ind2=" ">
      <subfield code="a">Schulz, Dora</subfield>
    </datafield>
    <datafield tag="700" ind1="1" ind2=" ">
      <subfield code="a">Scherling, Theo</subfield>
      <subfield code="c">(nyelvész)</subfield>
    </datafield>
    <datafield tag="852" ind1=" " ind2=" ">
      <subfield code="a">SZ1</subfield>
      <subfield code="b">SZ1</subfield>
      <subfield code="x">bibJAT00195435</subfield>
    </datafield>
  </record>