
  <record>
    <leader>00715cam  2200217   4500</leader>
    <controlfield tag="001">MOKKAZ0004797312  </controlfield>
    <controlfield tag="005">20040910103424.0</controlfield>
    <controlfield tag="008">      s19]9                        ger  </controlfield>
    <datafield tag="020" ind1=" " ind2=" ">
      <subfield code="a">3 468 43112 0 :</subfield>
    </datafield>
    <datafield tag="035" ind1=" " ind2=" ">
      <subfield code="a">bibJPT0041840</subfield>
    </datafield>
    <datafield tag="040" ind1=" " ind2=" ">
      <subfield code="a">PTE</subfield>
    </datafield>
    <datafield tag="100" ind1="1" ind2=" ">
      <subfield code="a">Griesbach, Heinz</subfield>
      <subfield code="d">(1950-)</subfield>
    </datafield>
    <datafield tag="245" ind1="1" ind2="0">
      <subfield code="a">1000 deutsche Redensarten :</subfield>
      <subfield code="b">Mit Erklärungen und Anwendungsbeispielen /</subfield>
      <subfield code="c">von Heinz Griesbach, Dora Schulz</subfield>
    </datafield>
    <datafield tag="250" ind1=" " ind2=" ">
      <subfield code="a">7., neubearb. Aufl.</subfield>
    </datafield>
    <datafield tag="260" ind1=" " ind2=" ">
      <subfield code="a">Berlin [etc.] :</subfield>
      <subfield code="b">Langenscheidt,</subfield>
      <subfield code="c">[19]91</subfield>
    </datafield>
    <datafield tag="300" ind1=" " ind2=" ">
      <subfield code="a">248 p. :</subfield>
      <subfield code="b">ill. ;</subfield>
      <subfield code="c">19 cm</subfield>
    </datafield>
    <datafield tag="650" ind1=" " ind2="4">
      <subfield code="a">Német nyelv</subfield>
      <subfield code="x">Nyelvkönyvek</subfield>
    </datafield>
    <datafield tag="695" ind1=" " ind2=" ">
      <subfield code="a">Német nyelv, kifejezések</subfield>
    </datafield>
    <datafield tag="700" ind1="1" ind2=" ">
      <subfield code="a">Schulz, Dora</subfield>
    </datafield>
    <datafield tag="852" ind1=" " ind2=" ">
      <subfield code="a">P1</subfield>
      <subfield code="B">P1/O</subfield>
      <subfield code="b">P1/DB</subfield>
      <subfield code="x">bibJPT0041840</subfield>
    </datafield>
    <datafield tag="852" ind1=" " ind2=" ">
      <subfield code="a">H1</subfield>
      <subfield code="b">H1</subfield>
      <subfield code="x">NLVK92233</subfield>
    </datafield>
  </record>