
  <record>
    <leader>00770nam  2200205 i 4500</leader>
    <controlfield tag="001">MOKKAZ0003456847  </controlfield>
    <controlfield tag="005">20090717092643.0</controlfield>
    <controlfield tag="008">980121s1993    gw a          00010 ger d</controlfield>
    <datafield tag="020" ind1=" " ind2=" ">
      <subfield code="a">3 468 43112 0</subfield>
    </datafield>
    <datafield tag="035" ind1=" " ind2=" ">
      <subfield code="a">bibKLT00163179</subfield>
    </datafield>
    <datafield tag="040" ind1=" " ind2=" ">
      <subfield code="a">DEENK</subfield>
    </datafield>
    <datafield tag="100" ind1="1" ind2=" ">
      <subfield code="a">Griesbach, Heinz</subfield>
      <subfield code="d">(1950-)</subfield>
      <subfield code="c">(nyelvész, módszertan)</subfield>
    </datafield>
    <datafield tag="245" ind1="1" ind2="0">
      <subfield code="a">1000 deutsche Redensarten :</subfield>
      <subfield code="b">Mit Erklärungen und Anwendungsbeispielen /</subfield>
      <subfield code="c">Heinz Griesbach und Dora Schulz ; [Illustrationen von Theo Scherling]</subfield>
    </datafield>
    <datafield tag="260" ind1=" " ind2=" ">
      <subfield code="a">Berlin [etc.] :</subfield>
      <subfield code="b">Langenscheidt,</subfield>
      <subfield code="c">1993</subfield>
    </datafield>
    <datafield tag="300" ind1=" " ind2=" ">
      <subfield code="a">248 p. :</subfield>
      <subfield code="b">ill. ;</subfield>
      <subfield code="c">19 cm</subfield>
    </datafield>
    <datafield tag="650" ind1=" " ind2="4">
      <subfield code="a">Német nyelv</subfield>
      <subfield code="x">kifejezések és szólások</subfield>
    </datafield>
    <datafield tag="650" ind1=" " ind2="0">
      <subfield code="a">German language</subfield>
      <subfield code="x">Terms and phrases.</subfield>
    </datafield>
    <datafield tag="700" ind1="1" ind2=" ">
      <subfield code="a">Schulz, Dora</subfield>
    </datafield>
    <datafield tag="700" ind1="1" ind2=" ">
      <subfield code="a">Scherling, Theo</subfield>
      <subfield code="c">(nyelvész)</subfield>
    </datafield>
    <datafield tag="852" ind1=" " ind2=" ">
      <subfield code="a">D1</subfield>
      <subfield code="b">D1/92</subfield>
      <subfield code="x">bibKLT00163179</subfield>
    </datafield>
  </record>