
  <record>
    <leader>01022aam  2200277 i 4500</leader>
    <controlfield tag="001">MOKKAZ0003889055  </controlfield>
    <controlfield tag="005">20100106114618.0</controlfield>
    <controlfield tag="008">800704|1978    fr            00010 fre  </controlfield>
    <datafield tag="020" ind1=" " ind2=" ">
      <subfield code="a">2 8011 0191 5</subfield>
    </datafield>
    <datafield tag="035" ind1=" " ind2=" ">
      <subfield code="a">bibJAT00116825</subfield>
    </datafield>
    <datafield tag="040" ind1=" " ind2=" ">
      <subfield code="a">SZTE</subfield>
    </datafield>
    <datafield tag="080" ind1=" " ind2=" ">
      <subfield code="a">804.0-06</subfield>
    </datafield>
    <datafield tag="100" ind1="1" ind2=" ">
      <subfield code="a">Godiveau, Roland</subfield>
    </datafield>
    <datafield tag="245" ind1="1" ind2="0">
      <subfield code="a">1000 difficultés courantes du français parlé :</subfield>
      <subfield code="b">en syntaxe, vocabulaire et prononciation /</subfield>
      <subfield code="c">Roland Godiveau</subfield>
    </datafield>
    <datafield tag="260" ind1=" " ind2=" ">
      <subfield code="a">Paris :</subfield>
      <subfield code="b">Duculot,</subfield>
      <subfield code="c">[1978]</subfield>
    </datafield>
    <datafield tag="300" ind1=" " ind2=" ">
      <subfield code="a">127 p. ;</subfield>
      <subfield code="c">20 cm</subfield>
    </datafield>
    <datafield tag="490" ind1="1" ind2=" ">
      <subfield code="a">(Votre boite a outils de la langue française)</subfield>
    </datafield>
    <datafield tag="650" ind1=" " ind2="7">
      <subfield code="a">Francia nyelvhelyesség</subfield>
      <subfield code="x">szótár</subfield>
    </datafield>
    <datafield tag="650" ind1=" " ind2="7">
      <subfield code="a">Francia nyelv</subfield>
      <subfield code="x">magyarázó szótár</subfield>
    </datafield>
    <datafield tag="650" ind1=" " ind2="7">
      <subfield code="a">Francia nyelvhelyesség</subfield>
      <subfield code="x">szótár</subfield>
      <subfield code="2">szte</subfield>
    </datafield>
    <datafield tag="650" ind1=" " ind2="7">
      <subfield code="a">Francia nyelv</subfield>
      <subfield code="x">magyarázó szótár</subfield>
      <subfield code="2">szte</subfield>
    </datafield>
    <datafield tag="650" ind1=" " ind2="7">
      <subfield code="a">Nyelvhelyesség</subfield>
      <subfield code="x">francia</subfield>
      <subfield code="x">szótár</subfield>
      <subfield code="2">szte</subfield>
    </datafield>
    <datafield tag="650" ind1=" " ind2="7">
      <subfield code="a">Francia nyelvhelyesség</subfield>
      <subfield code="2">szte</subfield>
    </datafield>
    <datafield tag="650" ind1=" " ind2="7">
      <subfield code="a">Nyelvhelyesség</subfield>
      <subfield code="x">francia</subfield>
      <subfield code="2">szte</subfield>
    </datafield>
    <datafield tag="830" ind1=" " ind2="0">
      <subfield code="a">Votre boite a outils de la langue française</subfield>
    </datafield>
    <datafield tag="852" ind1=" " ind2=" ">
      <subfield code="a">SZ1</subfield>
      <subfield code="b">SZ1/B3</subfield>
      <subfield code="b">SZ1/17</subfield>
      <subfield code="x">bibJAT00116825</subfield>
    </datafield>
  </record>