
  <record>
    <leader>00539nam  2200169 i 4500</leader>
    <controlfield tag="001">MOKKAS0001146025  </controlfield>
    <controlfield tag="005">20051216200926.0</controlfield>
    <controlfield tag="008">050903s1960    hu            00010 cze d</controlfield>
    <datafield tag="035" ind1=" " ind2=" ">
      <subfield code="a">bibBKO00184445</subfield>
    </datafield>
    <datafield tag="040" ind1=" " ind2=" ">
      <subfield code="a">BMK</subfield>
    </datafield>
    <datafield tag="100" ind1="1" ind2=" ">
      <subfield code="a">Srot, Radoslav</subfield>
    </datafield>
    <datafield tag="245" ind1="1" ind2="0">
      <subfield code="a">1000 dobrych rad mladym ovocnárum, kvetinárum, zelinárum, pestitelum, pokusnikum /</subfield>
      <subfield code="c">Radoslav Srot</subfield>
    </datafield>
    <datafield tag="250" ind1=" " ind2=" ">
      <subfield code="a">2. vyd.</subfield>
    </datafield>
    <datafield tag="260" ind1=" " ind2=" ">
      <subfield code="a">Praha :</subfield>
      <subfield code="b">Státni Zemedelské Nakl.,</subfield>
      <subfield code="c">1960</subfield>
    </datafield>
    <datafield tag="300" ind1=" " ind2=" ">
      <subfield code="a">413 p. :</subfield>
      <subfield code="b">ill. ;</subfield>
      <subfield code="c">24 cm</subfield>
    </datafield>
    <datafield tag="650" ind1=" " ind2="4">
      <subfield code="a">növénytermesztés</subfield>
    </datafield>
    <datafield tag="852" ind1=" " ind2=" ">
      <subfield code="a">BCS1</subfield>
      <subfield code="b">BCS1</subfield>
      <subfield code="x">bibBKO00184445</subfield>
    </datafield>
  </record>