
  <record>
    <leader>00774nam  2200205 i 4500</leader>
    <controlfield tag="001">MOKKAS0001506334  </controlfield>
    <controlfield tag="005">20060113204617.0</controlfield>
    <controlfield tag="008">050903s1995    hu            00010 hun d</controlfield>
    <datafield tag="020" ind1=" " ind2=" ">
      <subfield code="a">963-7693-65-3 (fűzött) :</subfield>
      <subfield code="c">588,-Ft</subfield>
    </datafield>
    <datafield tag="035" ind1=" " ind2=" ">
      <subfield code="a">bibVFK00192190</subfield>
    </datafield>
    <datafield tag="040" ind1=" " ind2=" ">
      <subfield code="a">VFMK</subfield>
    </datafield>
    <datafield tag="100" ind1="2" ind2=" ">
      <subfield code="a">Ablonczyné Mihályka Lívia</subfield>
    </datafield>
    <datafield tag="245" ind1="1" ind2="0">
      <subfield code="a">1000 Domande - 1000 Risposte :</subfield>
      <subfield code="b">Olasz társalgási gyakorlatok "A" típusú nyelvvizsgákra, az érettségire és a felvételire /</subfield>
      <subfield code="c">Ablonczyné Mihályka Lívia, Scholtz Kinga ; [szerk. Szalai Elek]</subfield>
    </datafield>
    <datafield tag="260" ind1=" " ind2=" ">
      <subfield code="a">Székesfehérvár :</subfield>
      <subfield code="b">Lexika Tankönyvkiadó,</subfield>
      <subfield code="c">[1995]</subfield>
    </datafield>
    <datafield tag="300" ind1=" " ind2=" ">
      <subfield code="a">255 p. ;</subfield>
      <subfield code="c">20 cm</subfield>
    </datafield>
    <datafield tag="650" ind1=" " ind2="4">
      <subfield code="a">Olasz nyelv</subfield>
    </datafield>
    <datafield tag="650" ind1=" " ind2="4">
      <subfield code="a">Nyelvvizsga</subfield>
    </datafield>
    <datafield tag="700" ind1="1" ind2=" ">
      <subfield code="a">Scholtz Kinga</subfield>
    </datafield>
    <datafield tag="700" ind1="1" ind2=" ">
      <subfield code="a">Szalai Elek</subfield>
      <subfield code="c">Dr.</subfield>
      <subfield code="4">szerk.</subfield>
    </datafield>
    <datafield tag="852" ind1=" " ind2=" ">
      <subfield code="a">SZL1</subfield>
      <subfield code="b">SZL1</subfield>
      <subfield code="x">bibVFK00192190</subfield>
    </datafield>
  </record>