
  <record>
    <leader>01489fam  2200409 i 4500</leader>
    <controlfield tag="001">MOKKAZ0006408751  </controlfield>
    <controlfield tag="005">20101105073057.0</controlfield>
    <controlfield tag="008">010802s2001    hu            000 0 ita d</controlfield>
    <datafield tag="020" ind1=" " ind2=" ">
      <subfield code="a">963-9092-42-8 (fűzött)</subfield>
    </datafield>
    <datafield tag="035" ind1=" " ind2=" ">
      <subfield code="a">808386</subfield>
    </datafield>
    <datafield tag="040" ind1=" " ind2=" ">
      <subfield code="a">OSZK</subfield>
    </datafield>
    <datafield tag="041" ind1="0" ind2=" ">
      <subfield code="a">itahunita</subfield>
    </datafield>
    <datafield tag="100" ind1="2" ind2=" ">
      <subfield code="a">Ablonczyné Mihályka Lívia</subfield>
    </datafield>
    <datafield tag="245" ind1="1" ind2="0">
      <subfield code="a">1000 domande - 1000 risposte : </subfield>
      <subfield code="b">olasz társalgási gyakorlatok az "A" típusú nyelvvizsgákra, az érettségire és a felvételire /</subfield>
      <subfield code="c">Ablonczyné Mihályka Lívia, Scholtz Kinga.</subfield>
    </datafield>
    <datafield tag="260" ind1=" " ind2=" ">
      <subfield code="a">Székesfehérvár :</subfield>
      <subfield code="b">Lexika,</subfield>
      <subfield code="c">[2001]</subfield>
      <subfield code="e">([Dabas]</subfield>
      <subfield code="f">Reálszisztéma Dabasi Ny.)</subfield>
    </datafield>
    <datafield tag="300" ind1=" " ind2=" ">
      <subfield code="a">255 p. ;</subfield>
      <subfield code="c">20 cm</subfield>
    </datafield>
    <datafield tag="500" ind1=" " ind2=" ">
      <subfield code="a">Párhuzamos cím a gerincen: 1000 kérdés 1000 felelet</subfield>
    </datafield>
    <datafield tag="650" ind1=" " ind2="4">
      <subfield code="a">Olasz nyelv</subfield>
      <subfield code="x">tankönyvek idegen ajkúaknak</subfield>
      <subfield code="x">magyar</subfield>
    </datafield>
    <datafield tag="650" ind1=" " ind2="4">
      <subfield code="a">Olasz nyelv</subfield>
      <subfield code="x">feladatok, gyakorlatok stb.</subfield>
    </datafield>
    <datafield tag="650" ind1=" " ind2="0">
      <subfield code="a">Italian language</subfield>
      <subfield code="x">Textbooks for foreign speakers</subfield>
      <subfield code="x">Hungarian.</subfield>
    </datafield>
    <datafield tag="650" ind1=" " ind2="0">
      <subfield code="a">Italian language</subfield>
      <subfield code="x">Problems, exercises, etc.</subfield>
    </datafield>
    <datafield tag="650" ind1=" " ind2="7">
      <subfield code="a">érettségi vizsga</subfield>
      <subfield code="2">opkm</subfield>
    </datafield>
    <datafield tag="650" ind1=" " ind2="7">
      <subfield code="a">nyelvvizsga</subfield>
      <subfield code="2">opkm</subfield>
    </datafield>
    <datafield tag="650" ind1=" " ind2="7">
      <subfield code="a">középiskola</subfield>
      <subfield code="2">opkm</subfield>
    </datafield>
    <datafield tag="650" ind1=" " ind2="7">
      <subfield code="a">középfokú oktatás</subfield>
      <subfield code="2">opkm</subfield>
    </datafield>
    <datafield tag="650" ind1=" " ind2="7">
      <subfield code="a">társalgás</subfield>
      <subfield code="2">opkm</subfield>
    </datafield>
    <datafield tag="650" ind1=" " ind2="7">
      <subfield code="a">olasz nyelv tantárgy</subfield>
      <subfield code="2">opkm</subfield>
    </datafield>
    <datafield tag="651" ind1=" " ind2="4">
      <subfield code="a">Magyarország</subfield>
    </datafield>
    <datafield tag="653" ind1=" " ind2=" ">
      <subfield code="a">kommunikáció</subfield>
    </datafield>
    <datafield tag="653" ind1=" " ind2=" ">
      <subfield code="a">nyelvvizsga</subfield>
    </datafield>
    <datafield tag="653" ind1=" " ind2=" ">
      <subfield code="a">olasz nyelv</subfield>
    </datafield>
    <datafield tag="653" ind1=" " ind2=" ">
      <subfield code="a">érettségi</subfield>
    </datafield>
    <datafield tag="700" ind1="1" ind2="0">
      <subfield code="a">Scholtz Kinga</subfield>
    </datafield>
    <datafield tag="852" ind1=" " ind2=" ">
      <subfield code="a">B1</subfield>
      <subfield code="b">B1</subfield>
      <subfield code="x">808386</subfield>
    </datafield>
    <datafield tag="852" ind1=" " ind2=" ">
      <subfield code="a">D1</subfield>
      <subfield code="b">D1</subfield>
      <subfield code="x">bibKLT00324493</subfield>
    </datafield>
    <datafield tag="852" ind1=" " ind2=" ">
      <subfield code="a">B7</subfield>
      <subfield code="b">B7</subfield>
      <subfield code="x">164885</subfield>
    </datafield>
    <datafield tag="852" ind1=" " ind2=" ">
      <subfield code="a">B9</subfield>
      <subfield code="b">B9</subfield>
      <subfield code="x">268532</subfield>
    </datafield>
  </record>