
  <record>
    <leader>00687nam  2200181 i 4500</leader>
    <controlfield tag="001">MOKKAW0005166195  </controlfield>
    <controlfield tag="005">20080313090602.0</controlfield>
    <controlfield tag="008">971222 1996    hu            00010 ita  </controlfield>
    <datafield tag="020" ind1=" " ind2=" ">
      <subfield code="a">963 7693 65 3</subfield>
    </datafield>
    <datafield tag="035" ind1=" " ind2=" ">
      <subfield code="a">bibJAT00295967</subfield>
    </datafield>
    <datafield tag="040" ind1=" " ind2=" ">
      <subfield code="a">SZTE</subfield>
    </datafield>
    <datafield tag="100" ind1="1" ind2=" ">
      <subfield code="a">Mihályka Lívia, Ablonczyné</subfield>
    </datafield>
    <datafield tag="245" ind1="1" ind2="0">
      <subfield code="a">1000 domande - 1000 risposte :</subfield>
      <subfield code="b">olasz társalgási gyakorlatok az "A" típusú nyelvvizsgákra, az érettségire és a felvételire /</subfield>
      <subfield code="c">Ablonczyné Mihályka Lívia, Scholtz Kinga</subfield>
    </datafield>
    <datafield tag="260" ind1=" " ind2=" ">
      <subfield code="a">Székesfehérvár :</subfield>
      <subfield code="b">Lexika,</subfield>
      <subfield code="c">[1996]</subfield>
    </datafield>
    <datafield tag="300" ind1=" " ind2=" ">
      <subfield code="a">255 p. ;</subfield>
      <subfield code="c">20 cm</subfield>
    </datafield>
    <datafield tag="650" ind1=" " ind2="7">
      <subfield code="a">Olasz nyelvkönyv</subfield>
      <subfield code="x">társalgási gyakorlatok</subfield>
      <subfield code="2">szte</subfield>
    </datafield>
    <datafield tag="700" ind1="1" ind2=" ">
      <subfield code="a">Scholtz Kinga</subfield>
    </datafield>
    <datafield tag="852" ind1=" " ind2=" ">
      <subfield code="a">SZ1</subfield>
      <subfield code="b">SZ1/R1</subfield>
      <subfield code="x">bibJAT00295967</subfield>
    </datafield>
  </record>