
  <record>
    <leader>00729njm  2200205   4500</leader>
    <controlfield tag="001">MOKKAZ0004648057  </controlfield>
    <controlfield tag="005">20040910090320.0</controlfield>
    <controlfield tag="008">010606s2000                        eng d</controlfield>
    <datafield tag="028" ind1=" " ind2=" ">
      <subfield code="a">0431-2</subfield>
    </datafield>
    <datafield tag="035" ind1=" " ind2=" ">
      <subfield code="a">bibFSZ534315</subfield>
    </datafield>
    <datafield tag="040" ind1=" " ind2=" ">
      <subfield code="a">FSZEK</subfield>
    </datafield>
    <datafield tag="110" ind1="2" ind2=" ">
      <subfield code="a">Mouthwash</subfield>
    </datafield>
    <datafield tag="245" ind1="1" ind2="0">
      <subfield code="a">1000 dreams</subfield>
      <subfield code="h">[Hangfelvétel] /</subfield>
      <subfield code="c">Mouthwash</subfield>
    </datafield>
    <datafield tag="260" ind1=" " ind2=" ">
      <subfield code="a">Amsterdam :</subfield>
      <subfield code="b">Hellcat Records,</subfield>
      <subfield code="c">cop. 2000</subfield>
    </datafield>
    <datafield tag="300" ind1=" " ind2=" ">
      <subfield code="a">1 CD ;</subfield>
      <subfield code="c">12 cm +</subfield>
      <subfield code="e">1 t.</subfield>
    </datafield>
    <datafield tag="306" ind1=" " ind2=" ">
      <subfield code="a">(38 min 50 s)</subfield>
    </datafield>
    <datafield tag="500" ind1=" " ind2=" ">
      <subfield code="a">Kemény papírtokban</subfield>
    </datafield>
    <datafield tag="505" ind1="0" ind2="0">
      <subfield code="t">Drop the bomb ;</subfield>
      <subfield code="t">We evolve ; </subfield>
      <subfield code="t">My kind of love ;</subfield>
      <subfield code="t">Fools gold ;</subfield>
      <subfield code="t">One for sorrow ;</subfield>
      <subfield code="t">Competing for frequency ;</subfield>
      <subfield code="t">Live like kings ;</subfield>
      <subfield code="t">Through the grey ;</subfield>
      <subfield code="t">Babylondon ;</subfield>
      <subfield code="t">Neon heartbeat ;</subfield>
      <subfield code="t">Saving grace</subfield>
    </datafield>
    <datafield tag="695" ind1=" " ind2="1">
      <subfield code="a">rock</subfield>
    </datafield>
    <datafield tag="852" ind1=" " ind2=" ">
      <subfield code="a">B10</subfield>
      <subfield code="b">0801</subfield>
      <subfield code="x">bibFSZ534315</subfield>
    </datafield>
  </record>