
  <record>
    <leader>00658cam  2200193 i 4500</leader>
    <controlfield tag="001">MOKKAN0004000374  </controlfield>
    <controlfield tag="005">20061106084507.0</controlfield>
    <controlfield tag="008">001201s2000    fi            00010 eng d</controlfield>
    <datafield tag="020" ind1=" " ind2=" ">
      <subfield code="a">951 780 331 1</subfield>
    </datafield>
    <datafield tag="035" ind1=" " ind2=" ">
      <subfield code="a">125162</subfield>
    </datafield>
    <datafield tag="040" ind1=" " ind2=" ">
      <subfield code="a">MEKLM</subfield>
    </datafield>
    <datafield tag="041" ind1="0" ind2=" ">
      <subfield code="a">engfin</subfield>
    </datafield>
    <datafield tag="100" ind1="1" ind2=" ">
      <subfield code="a">Hakola, Hannu Panu Aukusti</subfield>
    </datafield>
    <datafield tag="245" ind1="1" ind2="0">
      <subfield code="a">1000 DURALJAN etyma :</subfield>
      <subfield code="b">An extended study in the lexical similarities in the major agglutinative languages /</subfield>
      <subfield code="c">by Hannu Panu Aukusti Hakola</subfield>
    </datafield>
    <datafield tag="260" ind1=" " ind2=" ">
      <subfield code="a">Kuopio :</subfield>
      <subfield code="b">Hakola, H.P.A.,</subfield>
      <subfield code="c">2000</subfield>
    </datafield>
    <datafield tag="300" ind1=" " ind2=" ">
      <subfield code="a">303 p. ;</subfield>
      <subfield code="c">25 cm</subfield>
    </datafield>
    <datafield tag="504" ind1=" " ind2=" ">
      <subfield code="a">Bibliogr. p. 263-273.</subfield>
    </datafield>
    <datafield tag="650" ind1="0" ind2="4">
      <subfield code="a">összehasonlító nyelvészet</subfield>
      <subfield code="z">finn - indoeurópai nyelvek</subfield>
    </datafield>
    <datafield tag="852" ind1=" " ind2=" ">
      <subfield code="a">M1</subfield>
      <subfield code="b">M1</subfield>
      <subfield code="x">125162</subfield>
    </datafield>
  </record>