
  <record>
    <leader>00621cam  2200193 a 4500</leader>
    <controlfield tag="001">MOKKAZ0005389234  </controlfield>
    <controlfield tag="005">20040910175348.0</controlfield>
    <controlfield tag="008">020423c        fi            00010 fin d</controlfield>
    <datafield tag="020" ind1=" " ind2=" ">
      <subfield code="a">951-780-331-1</subfield>
    </datafield>
    <datafield tag="035" ind1=" " ind2=" ">
      <subfield code="a">39134</subfield>
    </datafield>
    <datafield tag="040" ind1=" " ind2=" ">
      <subfield code="a">SEKK</subfield>
    </datafield>
    <datafield tag="041" ind1="0" ind2=" ">
      <subfield code="a">fineng</subfield>
    </datafield>
    <datafield tag="100" ind1="1" ind2="0">
      <subfield code="a">Hakola, Hannu Panu Aukusti</subfield>
    </datafield>
    <datafield tag="245" ind1="1" ind2="0">
      <subfield code="a">1000 Duraljan etyma :</subfield>
      <subfield code="b">An extended study in the lexical similarities in the major agglutinative languages /</subfield>
      <subfield code="c">Hannu Panu Aukusti Hakola</subfield>
    </datafield>
    <datafield tag="260" ind1="0" ind2="0">
      <subfield code="a">Kuopio:</subfield>
      <subfield code="b">Univ.,</subfield>
      <subfield code="c">2000.</subfield>
    </datafield>
    <datafield tag="300" ind1=" " ind2=" ">
      <subfield code="a">303 p. ;</subfield>
      <subfield code="c">26 cm.</subfield>
    </datafield>
    <datafield tag="650" ind1="1" ind2="4">
      <subfield code="a">Linguistics, comparative</subfield>
    </datafield>
    <datafield tag="650" ind1="1" ind2="4">
      <subfield code="a">Nyelvészet, összehasonlító</subfield>
    </datafield>
    <datafield tag="852" ind1=" " ind2=" ">
      <subfield code="a">B13</subfield>
      <subfield code="b">B13</subfield>
      <subfield code="x">39134</subfield>
    </datafield>
  </record>