
  <record>
    <leader>00616nam  2200193 i 4500</leader>
    <controlfield tag="001">MOKKAN0004918806  </controlfield>
    <controlfield tag="005">20071031123433.0</controlfield>
    <controlfield tag="008">070906s2007    hu ar  j      00000 hun d</controlfield>
    <datafield tag="020" ind1=" " ind2=" ">
      <subfield code="a">963-9626-97-X (fűzött)</subfield>
    </datafield>
    <datafield tag="035" ind1=" " ind2=" ">
      <subfield code="a">2669663</subfield>
    </datafield>
    <datafield tag="040" ind1=" " ind2=" ">
      <subfield code="a">OSZK</subfield>
    </datafield>
    <datafield tag="041" ind1="0" ind2=" ">
      <subfield code="a">hunhun</subfield>
    </datafield>
    <datafield tag="100" ind1="1" ind2=" ">
      <subfield code="a">Menéndez, Margarita</subfield>
    </datafield>
    <datafield tag="240" ind1="1" ind2="0">
      <subfield code="a">1000 primeras palabras</subfield>
      <subfield code="l">(magyar)</subfield>
    </datafield>
    <datafield tag="245" ind1="1" ind2="0">
      <subfield code="a">1000 első szavam : </subfield>
      <subfield code="b">keresd meg a szavakat és szórakozz jól! /</subfield>
      <subfield code="c">[graf. Margarita Menéndez]</subfield>
    </datafield>
    <datafield tag="260" ind1=" " ind2=" ">
      <subfield code="a">Budapest :</subfield>
      <subfield code="b">Napraforgó,</subfield>
      <subfield code="c">[2007]</subfield>
    </datafield>
    <datafield tag="300" ind1=" " ind2=" ">
      <subfield code="a">64 p., [6] t.fol. :</subfield>
      <subfield code="b">ill., színes ;</subfield>
      <subfield code="c">31 cm</subfield>
    </datafield>
    <datafield tag="500" ind1=" " ind2=" ">
      <subfield code="a">Matricákkal</subfield>
    </datafield>
    <datafield tag="852" ind1=" " ind2=" ">
      <subfield code="a">B1</subfield>
      <subfield code="b">B1</subfield>
      <subfield code="x">2669663</subfield>
    </datafield>
  </record>