
  <record>
    <leader>00862cgm  2200265   4500</leader>
    <controlfield tag="001">MOKKAS0003769807  </controlfield>
    <controlfield tag="005">20060615071951.0</controlfield>
    <controlfield tag="007">mrucaaad               </controlfield>
    <controlfield tag="008">051220s2005    hu 100v          0mnhun d</controlfield>
    <datafield tag="028" ind1=" " ind2=" ">
      <subfield code="a">061</subfield>
    </datafield>
    <datafield tag="035" ind1=" " ind2=" ">
      <subfield code="a">bibTMK154260</subfield>
    </datafield>
    <datafield tag="040" ind1=" " ind2=" ">
      <subfield code="a">IGYUK</subfield>
    </datafield>
    <datafield tag="041" ind1=" " ind2=" ">
      <subfield code="a">hun</subfield>
    </datafield>
    <datafield tag="100" ind1="1" ind2=" ">
      <subfield code="a">Szakály István</subfield>
      <subfield code="c">(rendező)</subfield>
    </datafield>
    <datafield tag="245" ind1="1" ind2="0">
      <subfield code="a">1000 év 100 percben</subfield>
      <subfield code="h">[elektronikus vizuális dok.] :</subfield>
      <subfield code="b">a magyar állam múltjáról, jövőjéről /</subfield>
      <subfield code="c">szerk. és rend. Szakály István</subfield>
    </datafield>
    <datafield tag="260" ind1=" " ind2=" ">
      <subfield code="a">[Budapest] :</subfield>
      <subfield code="b">MTV : Mokép,</subfield>
      <subfield code="c">[2005]</subfield>
    </datafield>
    <datafield tag="300" ind1=" " ind2=" ">
      <subfield code="a">1 DVD :</subfield>
      <subfield code="b">színes ;</subfield>
      <subfield code="c">12 cm</subfield>
    </datafield>
    <datafield tag="306" ind1=" " ind2=" ">
      <subfield code="a">(100 min)</subfield>
    </datafield>
    <datafield tag="508" ind1=" " ind2=" ">
      <subfield code="a">Glatz Ferenc</subfield>
    </datafield>
    <datafield tag="610" ind1="2" ind2=" ">
      <subfield code="a">Magyar Televízió (Budapest)</subfield>
    </datafield>
    <datafield tag="651" ind1=" " ind2="4">
      <subfield code="a">Magyarország</subfield>
      <subfield code="x">történet</subfield>
    </datafield>
    <datafield tag="695" ind1=" " ind2=" ">
      <subfield code="a">magyar</subfield>
    </datafield>
    <datafield tag="695" ind1=" " ind2=" ">
      <subfield code="a">dokumentumfilm</subfield>
    </datafield>
    <datafield tag="700" ind1="1" ind2=" ">
      <subfield code="a">Glatz Ferenc</subfield>
      <subfield code="d">(1941-)</subfield>
      <subfield code="c">(történész, akadémikus)</subfield>
    </datafield>
    <datafield tag="852" ind1=" " ind2=" ">
      <subfield code="a">SZK1</subfield>
      <subfield code="b">SZK1</subfield>
      <subfield code="x">bibTMK154260</subfield>
    </datafield>
  </record>