
  <record>
    <leader>01058ngm  2200301   4500</leader>
    <controlfield tag="001">MOKKAN0004335582  </controlfield>
    <controlfield tag="005">20100510142323.0</controlfield>
    <controlfield tag="008">060913s2006                        hun d</controlfield>
    <datafield tag="028" ind1=" " ind2=" ">
      <subfield code="a">061</subfield>
    </datafield>
    <datafield tag="035" ind1=" " ind2=" ">
      <subfield code="a">bibFSZ01306005</subfield>
    </datafield>
    <datafield tag="040" ind1=" " ind2=" ">
      <subfield code="a">FSZEK</subfield>
    </datafield>
    <datafield tag="041" ind1=" " ind2=" ">
      <subfield code="a">hun</subfield>
    </datafield>
    <datafield tag="100" ind1="1" ind2=" ">
      <subfield code="a">Szakály István</subfield>
    </datafield>
    <datafield tag="245" ind1="1" ind2="0">
      <subfield code="a">1000 év 100 percben</subfield>
      <subfield code="h">[DVD-felvétel] :</subfield>
      <subfield code="b">a magyar állam múltjáról, jövőjéről : Szakály István filmje /</subfield>
      <subfield code="c">[közrem.] Glatz Ferenc</subfield>
    </datafield>
    <datafield tag="260" ind1=" " ind2=" ">
      <subfield code="a">[Budapest] :</subfield>
      <subfield code="b">MTV Rt. :</subfield>
      <subfield code="b">Mokép Rt.,</subfield>
      <subfield code="c">[2006]</subfield>
    </datafield>
    <datafield tag="300" ind1=" " ind2=" ">
      <subfield code="a">1 DVD (100 min) :</subfield>
      <subfield code="b">színes ;</subfield>
      <subfield code="c">12 cm</subfield>
    </datafield>
    <datafield tag="500" ind1=" " ind2=" ">
      <subfield code="a">Extrák: Interaktív menük ; Jelenetválasztás</subfield>
    </datafield>
    <datafield tag="508" ind1=" " ind2=" ">
      <subfield code="a">Operatőr: Nemescsói Tamás, Pápay Zsolt, Rácz Albert</subfield>
    </datafield>
    <datafield tag="518" ind1=" " ind2=" ">
      <subfield code="a">A felvétel 2001-ben kész.</subfield>
    </datafield>
    <datafield tag="546" ind1=" " ind2=" ">
      <subfield code="a">Hang: magyar (Dolby Surround)</subfield>
    </datafield>
    <datafield tag="695" ind1=" " ind2="1">
      <subfield code="a">DVD</subfield>
    </datafield>
    <datafield tag="695" ind1=" " ind2="1">
      <subfield code="a">magyar</subfield>
    </datafield>
    <datafield tag="695" ind1=" " ind2="1">
      <subfield code="a">dokumentumfilm</subfield>
    </datafield>
    <datafield tag="700" ind1="1" ind2=" ">
      <subfield code="a">Glatz Ferenc</subfield>
      <subfield code="d">(1941-)</subfield>
      <subfield code="4">közrem.</subfield>
    </datafield>
    <datafield tag="700" ind1="1" ind2=" ">
      <subfield code="a">Nemescsói Tamás</subfield>
      <subfield code="4">operatőr</subfield>
    </datafield>
    <datafield tag="700" ind1="1" ind2=" ">
      <subfield code="a">Pápay Zsolt</subfield>
      <subfield code="4">operatőr</subfield>
    </datafield>
    <datafield tag="700" ind1="1" ind2=" ">
      <subfield code="a">Rácz Albert</subfield>
      <subfield code="d">(1928-)</subfield>
      <subfield code="4">operatőr</subfield>
    </datafield>
    <datafield tag="852" ind1=" " ind2=" ">
      <subfield code="a">B10</subfield>
      <subfield code="b">0801</subfield>
      <subfield code="x">bibFSZ01306005</subfield>
    </datafield>
  </record>