
  <record>
    <leader>01263njm  2200205 i 4500</leader>
    <controlfield tag="001">MOKKAS0001014799  </controlfield>
    <controlfield tag="005">20051215154448.0</controlfield>
    <controlfield tag="008">050903s2000    hu            00010 hun d</controlfield>
    <datafield tag="028" ind1="0" ind2="0">
      <subfield code="a">HCD 16859</subfield>
    </datafield>
    <datafield tag="035" ind1=" " ind2=" ">
      <subfield code="a">bibBKO00085636</subfield>
    </datafield>
    <datafield tag="040" ind1=" " ind2=" ">
      <subfield code="a">BMK</subfield>
    </datafield>
    <datafield tag="245" ind1="0" ind2="0">
      <subfield code="a">1000 év + gitáron</subfield>
      <subfield code="h">[Hangfelvétel] /</subfield>
      <subfield code="c">Ea. Benkő Dániel, gitár</subfield>
    </datafield>
    <datafield tag="260" ind1=" " ind2=" ">
      <subfield code="a">[Budapest] :</subfield>
      <subfield code="b">Hungaroton,</subfield>
      <subfield code="c">cop. 2000</subfield>
    </datafield>
    <datafield tag="300" ind1=" " ind2=" ">
      <subfield code="a">1 db CD lemez :</subfield>
      <subfield code="b">AAD, DDD ;</subfield>
      <subfield code="c">12 cm</subfield>
    </datafield>
    <datafield tag="306" ind1=" " ind2=" ">
      <subfield code="a">62 min 3 s</subfield>
    </datafield>
    <datafield tag="504" ind1=" " ind2=" ">
      <subfield code="a">Közreműködők felsorolása a borítón</subfield>
    </datafield>
    <datafield tag="505" ind1="0" ind2="0">
      <subfield code="g">1.</subfield>
      <subfield code="t">Blanka</subfield>
      <subfield code="t">Orangerie</subfield>
      <subfield code="t">Bahamas</subfield>
      <subfield code="t">A 2000. év /</subfield>
      <subfield code="r">Benkő --</subfield>
      <subfield code="g">2.</subfield>
      <subfield code="t">Körbe-körbe</subfield>
      <subfield code="t">Az álom hangja</subfield>
      <subfield code="t">Latin nő</subfield>
      <subfield code="t">Az utolsó bossanova /</subfield>
      <subfield code="r">Benkő--</subfield>
      <subfield code="g">3.</subfield>
      <subfield code="t">Mikor elindul a vonat /</subfield>
      <subfield code="r">Demjén, Presser ; Benkő--</subfield>
      <subfield code="g">4.</subfield>
      <subfield code="t">Szépek és bolondok /</subfield>
      <subfield code="r">Presser ; Benkő--</subfield>
      <subfield code="g">5.</subfield>
      <subfield code="t">Könyörgés /</subfield>
      <subfield code="r">Presser, Adamis ; Benkő--</subfield>
      <subfield code="g">6.</subfield>
      <subfield code="t">Cavatina /</subfield>
      <subfield code="r">Myers ; Benkő--</subfield>
      <subfield code="g">7.</subfield>
      <subfield code="t">Moult sui /</subfield>
      <subfield code="r">Machaut ; Benkő--</subfield>
      <subfield code="g">8.</subfield>
      <subfield code="t">Zsidó tánc /</subfield>
      <subfield code="r">Neusidler ; Benkő--</subfield>
      <subfield code="g">9.</subfield>
      <subfield code="t">Historikus szvit</subfield>
      <subfield code="t">Datolya</subfield>
      <subfield code="t">Tango /</subfield>
      <subfield code="r">Ismeretlen szerző ; Benkő--</subfield>
      <subfield code="g">10.</subfield>
      <subfield code="t">Andante /</subfield>
      <subfield code="r">Vivaldi ; Benkő--</subfield>
      <subfield code="g">11.</subfield>
      <subfield code="t">Brazil /</subfield>
      <subfield code="r">Villa-Lobos ; Benkő--</subfield>
      <subfield code="g">12.</subfield>
      <subfield code="t">Estrellita /</subfield>
      <subfield code="r">Ponce ; Benkő--</subfield>
      <subfield code="g">13.</subfield>
      <subfield code="t">Románc</subfield>
      <subfield code="t">Matanzas /</subfield>
      <subfield code="r">Ismeretlen szerző ; Benkő</subfield>
    </datafield>
    <datafield tag="650" ind1=" " ind2="5">
      <subfield code="a">gitár - szólómű</subfield>
    </datafield>
    <datafield tag="700" ind1="1" ind2=" ">
      <subfield code="a">Benkő Dániel</subfield>
      <subfield code="4">git.</subfield>
    </datafield>
    <datafield tag="852" ind1=" " ind2=" ">
      <subfield code="a">BCS1</subfield>
      <subfield code="b">BCS1</subfield>
      <subfield code="x">bibBKO00085636</subfield>
    </datafield>
  </record>