
  <record>
    <leader>01248nam  2200265   4500</leader>
    <controlfield tag="001">MOKKAZ0004937437  </controlfield>
    <controlfield tag="005">20040910120506.0</controlfield>
    <controlfield tag="008">030731s2000    hu            00010 hun d</controlfield>
    <datafield tag="020" ind1=" " ind2=" ">
      <subfield code="a">963 002546 9</subfield>
    </datafield>
    <datafield tag="035" ind1=" " ind2=" ">
      <subfield code="a">bibJPT00225044</subfield>
    </datafield>
    <datafield tag="040" ind1=" " ind2=" ">
      <subfield code="a">PTE</subfield>
    </datafield>
    <datafield tag="245" ind1="0" ind2="0">
      <subfield code="a">1000 éve Európában :</subfield>
      <subfield code="b">Magyarország gyermekszemmel : Országos millenniumi gyermekrajz-pályázat kiállítása : Hadtörténeti Múzeum 2000. március 25. - október 6. = A thausand years in Europe : Hungary through children's eyes : Exhibition of the children's art Millennium national competition /</subfield>
      <subfield code="c">[a katalógust összeáll. Dombyné Szántó Melánia, Juhász Gábor, Kerékgyártó István] ; [ford. Frank Orsolya, Peter Meikle] ; [fotó Barnaföldi Gábor, Kunkovács László]</subfield>
    </datafield>
    <datafield tag="260" ind1=" " ind2=" ">
      <subfield code="a">Budapest :</subfield>
      <subfield code="b">Barcsay Gyermekképzőművészeti Alapítvány,</subfield>
      <subfield code="c">2000</subfield>
    </datafield>
    <datafield tag="300" ind1=" " ind2=" ">
      <subfield code="a">170 p. :</subfield>
      <subfield code="b">ill. ;</subfield>
      <subfield code="c">30 cm</subfield>
    </datafield>
    <datafield tag="500" ind1=" " ind2=" ">
      <subfield code="a">Kiállítási katalógus</subfield>
    </datafield>
    <datafield tag="695" ind1=" " ind2=" ">
      <subfield code="a">Kiállítási katalógus</subfield>
    </datafield>
    <datafield tag="695" ind1=" " ind2=" ">
      <subfield code="a">Gyermekrajz</subfield>
    </datafield>
    <datafield tag="700" ind1="2" ind2=" ">
      <subfield code="a">Dombyné Szántó Melánia</subfield>
    </datafield>
    <datafield tag="700" ind1="1" ind2=" ">
      <subfield code="a">Juhász Gábor</subfield>
    </datafield>
    <datafield tag="700" ind1="1" ind2=" ">
      <subfield code="a">Kerékgyártó István</subfield>
    </datafield>
    <datafield tag="700" ind1="1" ind2=" ">
      <subfield code="a">Frank Orsolya</subfield>
    </datafield>
    <datafield tag="700" ind1="1" ind2=" ">
      <subfield code="a">Meikle, Peter</subfield>
    </datafield>
    <datafield tag="700" ind1="1" ind2=" ">
      <subfield code="a">Barnaföldi Gábor</subfield>
    </datafield>
    <datafield tag="700" ind1="1" ind2=" ">
      <subfield code="a">Kunkovács László</subfield>
      <subfield code="d">(1942-)</subfield>
    </datafield>
    <datafield tag="852" ind1=" " ind2=" ">
      <subfield code="a">P1</subfield>
      <subfield code="b">P1</subfield>
      <subfield code="x">bibJPT00225044</subfield>
    </datafield>
  </record>