
  <record>
    <leader>01241nam  2200229 i 4500</leader>
    <controlfield tag="001">MOKKAZ0006456206  </controlfield>
    <controlfield tag="005">20040915203507.0</controlfield>
    <controlfield tag="008">030226s2000    hu aro   c    100 0dhun d</controlfield>
    <datafield tag="020" ind1=" " ind2=" ">
      <subfield code="a">963-00-2546-9 (fűzött)</subfield>
    </datafield>
    <datafield tag="035" ind1=" " ind2=" ">
      <subfield code="a">952818</subfield>
    </datafield>
    <datafield tag="040" ind1=" " ind2=" ">
      <subfield code="a">OSZK</subfield>
    </datafield>
    <datafield tag="041" ind1="0" ind2=" ">
      <subfield code="a">hunenghuneng</subfield>
    </datafield>
    <datafield tag="072" ind1=" " ind2="1">
      <subfield code="a">Y</subfield>
    </datafield>
    <datafield tag="245" ind1="0" ind2="0">
      <subfield code="a">1000 éve Európában : </subfield>
      <subfield code="b">Magyarország gyermekszemmel : országos milleniumi gyermekrajz-pályázat kiállítása : Hadtörténeti Múzeum, 2000. március 25 - október 6. /</subfield>
      <subfield code="c">[a katalógust összeáll., ... Dombyné Szántó Melánia, Juhász Gábor és Kerékgyártó István] ; [a kiállítást rend. ... Dombyné Szántó Melánia] ; Barcsay Gyermekképzőművészeti Alapítvány kiadása.</subfield>
    </datafield>
    <datafield tag="246" ind1="1" ind2="1">
      <subfield code="a">A thousand years in Europe</subfield>
      <subfield code="b">Hungary through children's eyes</subfield>
      <subfield code="b">exhibition of the children's art millennium national competition</subfield>
    </datafield>
    <datafield tag="260" ind1=" " ind2=" ">
      <subfield code="a">Budapest :</subfield>
      <subfield code="b">Barcsay Gyermekképzőművészeti Alapítvány,</subfield>
      <subfield code="c">2000</subfield>
      <subfield code="e">(Budapest</subfield>
      <subfield code="f">Passzer)</subfield>
    </datafield>
    <datafield tag="300" ind1=" " ind2=" ">
      <subfield code="a">170 p. :</subfield>
      <subfield code="b">ill., főként színes ;</subfield>
      <subfield code="c">30 cm</subfield>
    </datafield>
    <datafield tag="700" ind1="1" ind2=" ">
      <subfield code="a">Juhász Gábor</subfield>
      <subfield code="4">(összeáll.)</subfield>
    </datafield>
    <datafield tag="700" ind1="1" ind2=" ">
      <subfield code="a">Kerékgyártó István</subfield>
      <subfield code="4">(öszeáll.)</subfield>
    </datafield>
    <datafield tag="700" ind1="2" ind2=" ">
      <subfield code="a">Dombyné Szántó Melánia</subfield>
      <subfield code="4">(rend.)</subfield>
    </datafield>
    <datafield tag="710" ind1="2" ind2=" ">
      <subfield code="a">Barcsay Gyermekképzőművészeti Alapítvány</subfield>
      <subfield code="4">közread.</subfield>
    </datafield>
    <datafield tag="852" ind1=" " ind2=" ">
      <subfield code="a">B1</subfield>
      <subfield code="b">B1</subfield>
      <subfield code="x">952818</subfield>
    </datafield>
  </record>