
  <record>
    <leader>01055cam  2200253 i 4500</leader>
    <controlfield tag="001">MOKKAS0002415607  </controlfield>
    <controlfield tag="005">20060617094019.0</controlfield>
    <controlfield tag="008">960816s1996    hu            000 0dhun d</controlfield>
    <datafield tag="020" ind1=" " ind2=" ">
      <subfield code="a">963-8153-78-4</subfield>
    </datafield>
    <datafield tag="035" ind1=" " ind2=" ">
      <subfield code="a">bibBBM94842</subfield>
    </datafield>
    <datafield tag="040" ind1=" " ind2=" ">
      <subfield code="a">BBMK</subfield>
    </datafield>
    <datafield tag="041" ind1="0" ind2=" ">
      <subfield code="a">hunhun</subfield>
      <subfield code="b">enggerrus</subfield>
    </datafield>
    <datafield tag="245" ind1="0" ind2="0">
      <subfield code="a">1000 éves a magyar iskola /</subfield>
      <subfield code="c">[... szerk. Balogh László ; ... szerzői Kardos József et al. ; a képanyagot összeáll. Jáki László ; a fotókat kész. Székely Péter ...]. -</subfield>
    </datafield>
    <datafield tag="260" ind1=" " ind2=" ">
      <subfield code="a">Budapest :</subfield>
      <subfield code="b">Korona,</subfield>
      <subfield code="c">1996. -</subfield>
    </datafield>
    <datafield tag="300" ind1=" " ind2=" ">
      <subfield code="a">181,[2] p. :</subfield>
      <subfield code="b">ill., részben színes ;</subfield>
      <subfield code="c">29 cm.</subfield>
    </datafield>
    <datafield tag="500" ind1=" " ind2=" ">
      <subfield code="t">Angol, német és orosz nyelvű összefoglalóval.</subfield>
    </datafield>
    <datafield tag="650" ind1=" " ind2="4">
      <subfield code="a">Retrokonv</subfield>
    </datafield>
    <datafield tag="650" ind1=" " ind2="4">
      <subfield code="a">Pedagógia</subfield>
    </datafield>
    <datafield tag="650" ind1=" " ind2="4">
      <subfield code="a">Neveléstörténet</subfield>
    </datafield>
    <datafield tag="695" ind1="0" ind2="4">
      <subfield code="a">közoktatás</subfield>
      <subfield code="v">kronológia</subfield>
      <subfield code="x">milleniumi kiállítások</subfield>
      <subfield code="y">895-1995</subfield>
      <subfield code="z">magyar</subfield>
    </datafield>
    <datafield tag="695" ind1="0" ind2="4">
      <subfield code="a">neveléstörténet</subfield>
      <subfield code="v">kronológia</subfield>
      <subfield code="x">milleniumi kiállítások</subfield>
      <subfield code="y">895-1995</subfield>
      <subfield code="z">magyar</subfield>
    </datafield>
    <datafield tag="695" ind1="0" ind2="4">
      <subfield code="a">iskolatörténet</subfield>
      <subfield code="x">milleniumi kiállítások</subfield>
      <subfield code="y">895-1995</subfield>
      <subfield code="x">kronológia</subfield>
    </datafield>
    <datafield tag="695" ind1="1" ind2="1">
      <subfield code="a">Balogh László</subfield>
      <subfield code="d">(1932-)</subfield>
    </datafield>
    <datafield tag="852" ind1=" " ind2=" ">
      <subfield code="a">ST1</subfield>
      <subfield code="b">ST1</subfield>
      <subfield code="x">bibBBM94842</subfield>
    </datafield>
  </record>