
  <record>
    <leader>03301fam  2200793 i 4500</leader>
    <controlfield tag="001">MOKKAZ0006336631  </controlfield>
    <controlfield tag="005">20101112114410.0</controlfield>
    <controlfield tag="008">960327s1996    hu arb        000 0dhun d</controlfield>
    <datafield tag="020" ind1=" " ind2=" ">
      <subfield code="a">963-8153-78-4 (fűzött) :</subfield>
      <subfield code="c">990,- Ft</subfield>
    </datafield>
    <datafield tag="035" ind1=" " ind2=" ">
      <subfield code="a">175328</subfield>
    </datafield>
    <datafield tag="040" ind1=" " ind2=" ">
      <subfield code="a">OSZK</subfield>
    </datafield>
    <datafield tag="041" ind1="0" ind2=" ">
      <subfield code="a">hunhun</subfield>
      <subfield code="b">enggerrus</subfield>
    </datafield>
    <datafield tag="080" ind1=" " ind2=" ">
      <subfield code="a">37(439)"0996/1996"(084.1)</subfield>
    </datafield>
    <datafield tag="080" ind1=" " ind2=" ">
      <subfield code="a">37(439)(091)</subfield>
    </datafield>
    <datafield tag="245" ind1="0" ind2="0">
      <subfield code="a">1000 éves a magyar iskola /</subfield>
      <subfield code="c">[... szerk. Balogh László] ; [... szerzői Kardos József et al.] ; [a képanyagot összeáll. Jáki László] ; [a fotókat kész. Székely Péter ...]</subfield>
    </datafield>
    <datafield tag="260" ind1=" " ind2=" ">
      <subfield code="a">Budapest :</subfield>
      <subfield code="b">Korona,</subfield>
      <subfield code="c">1996</subfield>
      <subfield code="e">([Gyoma]</subfield>
      <subfield code="f">Kner)</subfield>
    </datafield>
    <datafield tag="300" ind1=" " ind2=" ">
      <subfield code="a">181, [2] p. :</subfield>
      <subfield code="b">ill., részben színes ;</subfield>
      <subfield code="c">29 cm</subfield>
    </datafield>
    <datafield tag="500" ind1=" " ind2=" ">
      <subfield code="a">Összefoglalás angol, német és orosz nyelven</subfield>
    </datafield>
    <datafield tag="650" ind1=" " ind2="4">
      <subfield code="a">Nevelés</subfield>
      <subfield code="z">Magyarország</subfield>
      <subfield code="x">történet</subfield>
    </datafield>
    <datafield tag="650" ind1=" " ind2="0">
      <subfield code="a">Education</subfield>
      <subfield code="z">Hungary</subfield>
      <subfield code="x">History.</subfield>
    </datafield>
    <datafield tag="650" ind1=" " ind2="7">
      <subfield code="a">Iskolatörténet</subfield>
      <subfield code="x">Magyarország</subfield>
      <subfield code="2">szte</subfield>
    </datafield>
    <datafield tag="650" ind1="0" ind2="4">
      <subfield code="a">közoktatás</subfield>
      <subfield code="v">kronológia</subfield>
      <subfield code="x">millenniumi kiállítások</subfield>
      <subfield code="y">895-1995</subfield>
      <subfield code="z">magyar</subfield>
    </datafield>
    <datafield tag="650" ind1="0" ind2="4">
      <subfield code="a">neveléstörténet</subfield>
      <subfield code="v">kronológia</subfield>
      <subfield code="x">millenniumi kiállítások</subfield>
      <subfield code="y">895-1995</subfield>
      <subfield code="z">magyar</subfield>
    </datafield>
    <datafield tag="650" ind1="0" ind2="4">
      <subfield code="a">iskolatörténet</subfield>
      <subfield code="x">millenniumi kiállítások</subfield>
      <subfield code="y">895-1995</subfield>
      <subfield code="x">kronológia</subfield>
    </datafield>
    <datafield tag="650" ind1=" " ind2="4">
      <subfield code="a">Magyarország</subfield>
    </datafield>
    <datafield tag="650" ind1=" " ind2="4">
      <subfield code="a">iskolaügy</subfield>
    </datafield>
    <datafield tag="650" ind1=" " ind2="7">
      <subfield code="a">Neveléstörténet</subfield>
      <subfield code="x">magyar</subfield>
      <subfield code="2">szte</subfield>
    </datafield>
    <datafield tag="650" ind1="0" ind2="4">
      <subfield code="a">iskolai nevelés</subfield>
      <subfield code="x">története</subfield>
      <subfield code="z">Magyarország</subfield>
    </datafield>
    <datafield tag="650" ind1="0" ind2="4">
      <subfield code="a">oktatás</subfield>
      <subfield code="z">Magyarország</subfield>
    </datafield>
    <datafield tag="650" ind1=" " ind2="4">
      <subfield code="a">Iskolatörténet</subfield>
    </datafield>
    <datafield tag="650" ind1=" " ind2="4">
      <subfield code="a">Nevelés, oktatás</subfield>
    </datafield>
    <datafield tag="650" ind1=" " ind2="4">
      <subfield code="a">Iskolák, magyar</subfield>
    </datafield>
    <datafield tag="650" ind1=" " ind2="4">
      <subfield code="a">Történet 996-1996</subfield>
    </datafield>
    <datafield tag="650" ind1=" " ind2="4">
      <subfield code="a">Adattár</subfield>
    </datafield>
    <datafield tag="650" ind1=" " ind2="4">
      <subfield code="a">Kronológia</subfield>
    </datafield>
    <datafield tag="650" ind1=" " ind2="4">
      <subfield code="a">Oktatástörténet</subfield>
    </datafield>
    <datafield tag="650" ind1=" " ind2="7">
      <subfield code="a">996-1996</subfield>
      <subfield code="2">opkm</subfield>
    </datafield>
    <datafield tag="650" ind1=" " ind2="7">
      <subfield code="a">iskolatörténet</subfield>
      <subfield code="2">opkm</subfield>
    </datafield>
    <datafield tag="650" ind1=" " ind2="7">
      <subfield code="a">neveléstörténet</subfield>
      <subfield code="2">opkm</subfield>
    </datafield>
    <datafield tag="650" ind1=" " ind2="7">
      <subfield code="a">Iskolatörténet</subfield>
      <subfield code="x">Magyarország</subfield>
    </datafield>
    <datafield tag="650" ind1=" " ind2="7">
      <subfield code="a">Neveléstörténet</subfield>
      <subfield code="x">magyar</subfield>
    </datafield>
    <datafield tag="651" ind1=" " ind2="4">
      <subfield code="a">Magyarország</subfield>
    </datafield>
    <datafield tag="695" ind1=" " ind2=" ">
      <subfield code="a">Iskolatörténet</subfield>
      <subfield code="x">magyar</subfield>
    </datafield>
    <datafield tag="695" ind1=" " ind2=" ">
      <subfield code="a">Pedagógia</subfield>
      <subfield code="x">Magyarország</subfield>
      <subfield code="x">története</subfield>
    </datafield>
    <datafield tag="700" ind1="1" ind2=" ">
      <subfield code="a">Balogh László</subfield>
      <subfield code="d">(1932-)</subfield>
      <subfield code="c">(ped. szakíró)</subfield>
      <subfield code="4">(szerk.)</subfield>
    </datafield>
    <datafield tag="700" ind1="1" ind2=" ">
      <subfield code="a">Kardos József</subfield>
      <subfield code="d">(1937-)</subfield>
      <subfield code="4">(közrem.)</subfield>
    </datafield>
    <datafield tag="700" ind1="1" ind2=" ">
      <subfield code="a">Jáki László</subfield>
      <subfield code="d">(1931-)</subfield>
      <subfield code="4">(ill.)</subfield>
    </datafield>
    <datafield tag="700" ind1="1" ind2=" ">
      <subfield code="a">Székely Péter</subfield>
      <subfield code="4">(ill.)</subfield>
    </datafield>
    <datafield tag="852" ind1=" " ind2=" ">
      <subfield code="a">B1</subfield>
      <subfield code="b">B1</subfield>
      <subfield code="x">175328</subfield>
    </datafield>
    <datafield tag="852" ind1=" " ind2=" ">
      <subfield code="a">D1</subfield>
      <subfield code="b">D1/SB</subfield>
      <subfield code="b">D1</subfield>
      <subfield code="x">bibKLT00121180</subfield>
    </datafield>
    <datafield tag="852" ind1=" " ind2=" ">
      <subfield code="a">SZ1</subfield>
      <subfield code="b">SZ1/R5</subfield>
      <subfield code="b">SZ1/R3</subfield>
      <subfield code="b">SZ1/REF</subfield>
      <subfield code="b">SZ1/S1</subfield>
      <subfield code="b">SZ10/FKI</subfield>
      <subfield code="b">SZ10/GYAK</subfield>
      <subfield code="b">SZ1</subfield>
      <subfield code="b">SZ1/133</subfield>
      <subfield code="x">bibJAT00218981</subfield>
    </datafield>
    <datafield tag="852" ind1=" " ind2=" ">
      <subfield code="a">B2</subfield>
      <subfield code="b">B2</subfield>
      <subfield code="b">B2/119</subfield>
      <subfield code="b">B2/78</subfield>
      <subfield code="b">B2</subfield>
      <subfield code="x">14167</subfield>
    </datafield>
    <datafield tag="852" ind1=" " ind2=" ">
      <subfield code="a">B10</subfield>
      <subfield code="b">0801</subfield>
      <subfield code="b">1803</subfield>
      <subfield code="b">1901</subfield>
      <subfield code="b">1903</subfield>
      <subfield code="b">2002</subfield>
      <subfield code="b">2101</subfield>
      <subfield code="b">2104</subfield>
      <subfield code="b">2301</subfield>
      <subfield code="b">0901</subfield>
      <subfield code="b">0902</subfield>
      <subfield code="b">1308</subfield>
      <subfield code="b">0702</subfield>
      <subfield code="b">0404</subfield>
      <subfield code="b">0401</subfield>
      <subfield code="b">0601</subfield>
      <subfield code="b">0602</subfield>
      <subfield code="b">0703</subfield>
      <subfield code="b">1704</subfield>
      <subfield code="b">1004</subfield>
      <subfield code="b">1602</subfield>
      <subfield code="b">1503</subfield>
      <subfield code="b">1501</subfield>
      <subfield code="b">0101</subfield>
      <subfield code="b">1106</subfield>
      <subfield code="b">1105</subfield>
      <subfield code="b">1201</subfield>
      <subfield code="b">1202</subfield>
      <subfield code="b">0301</subfield>
      <subfield code="b">0307</subfield>
      <subfield code="b">0204</subfield>
      <subfield code="b">0102</subfield>
      <subfield code="b">2203</subfield>
      <subfield code="b">0302</subfield>
      <subfield code="b">0202</subfield>
      <subfield code="x">bibFSZ00097612</subfield>
    </datafield>
    <datafield tag="852" ind1=" " ind2=" ">
      <subfield code="a">B10</subfield>
      <subfield code="b">0801</subfield>
      <subfield code="b">0801B</subfield>
      <subfield code="b">0801G</subfield>
      <subfield code="b">1801</subfield>
      <subfield code="b">1802</subfield>
      <subfield code="b">1803</subfield>
      <subfield code="b">2004</subfield>
      <subfield code="b">2103</subfield>
      <subfield code="b">2105</subfield>
      <subfield code="x">bibFSZ00097614</subfield>
    </datafield>
    <datafield tag="852" ind1=" " ind2=" ">
      <subfield code="a">B11</subfield>
      <subfield code="b">B11</subfield>
      <subfield code="x">BMEOMIKK000118584</subfield>
    </datafield>
    <datafield tag="852" ind1=" " ind2=" ">
      <subfield code="a">P1</subfield>
      <subfield code="b">P1/O</subfield>
      <subfield code="x">bibJPT0031073</subfield>
    </datafield>
    <datafield tag="852" ind1=" " ind2=" ">
      <subfield code="a">G1</subfield>
      <subfield code="b">G1</subfield>
      <subfield code="x">GATE-E00032571</subfield>
    </datafield>
    <datafield tag="852" ind1=" " ind2=" ">
      <subfield code="a">M1</subfield>
      <subfield code="b">M1</subfield>
      <subfield code="x">28631</subfield>
    </datafield>
    <datafield tag="852" ind1=" " ind2=" ">
      <subfield code="a">SZ4</subfield>
      <subfield code="b">SZ4</subfield>
      <subfield code="x">bibSOK00038367</subfield>
    </datafield>
    <datafield tag="852" ind1=" " ind2=" ">
      <subfield code="a">M2</subfield>
      <subfield code="b">M2</subfield>
      <subfield code="x">bibRFK00038808</subfield>
    </datafield>
    <datafield tag="852" ind1=" " ind2=" ">
      <subfield code="a">B503</subfield>
      <subfield code="b">B503</subfield>
      <subfield code="x">KÉE40504</subfield>
    </datafield>
    <datafield tag="852" ind1=" " ind2=" ">
      <subfield code="a">H1</subfield>
      <subfield code="b">H1</subfield>
      <subfield code="x">NLVK92241</subfield>
    </datafield>
    <datafield tag="852" ind1=" " ind2=" ">
      <subfield code="a">B11</subfield>
      <subfield code="b">B11</subfield>
      <subfield code="x">BMEOMIKK000127504</subfield>
    </datafield>
    <datafield tag="852" ind1=" " ind2=" ">
      <subfield code="a">SZL1</subfield>
      <subfield code="b">SZL1</subfield>
      <subfield code="x">bibVFK00173275</subfield>
    </datafield>
    <datafield tag="852" ind1=" " ind2=" ">
      <subfield code="a">P1</subfield>
      <subfield code="b">P1/FK</subfield>
      <subfield code="b">P1/F2</subfield>
      <subfield code="b">P1/F1</subfield>
      <subfield code="b">P1/TT</subfield>
      <subfield code="b">P1/K</subfield>
      <subfield code="x">bibJPT0052459</subfield>
    </datafield>
    <datafield tag="852" ind1=" " ind2=" ">
      <subfield code="a">B12</subfield>
      <subfield code="b">B12</subfield>
      <subfield code="x">BCEKK279428</subfield>
    </datafield>
    <datafield tag="852" ind1=" " ind2=" ">
      <subfield code="a">B3</subfield>
      <subfield code="b">B3</subfield>
      <subfield code="x">000116758</subfield>
    </datafield>
    <datafield tag="852" ind1=" " ind2=" ">
      <subfield code="a">B7</subfield>
      <subfield code="b">B7</subfield>
      <subfield code="x">289075</subfield>
    </datafield>
    <datafield tag="852" ind1=" " ind2=" ">
      <subfield code="a">SZ1</subfield>
      <subfield code="b">SZ1/S1</subfield>
      <subfield code="b">SZ1/R3</subfield>
      <subfield code="b">SZ1/R3TP</subfield>
      <subfield code="x">bibJAT00737036</subfield>
    </datafield>
  </record>