
  <record>
    <leader>01392cam  2200361 i 4500</leader>
    <controlfield tag="001">MOKKAS0001933265  </controlfield>
    <controlfield tag="005">20060531100408.0</controlfield>
    <controlfield tag="008">030117s1996    hu     f      110 0 hun d</controlfield>
    <datafield tag="020" ind1=" " ind2=" ">
      <subfield code="a">963 04 7142 6</subfield>
    </datafield>
    <datafield tag="035" ind1=" " ind2=" ">
      <subfield code="a">164058</subfield>
    </datafield>
    <datafield tag="040" ind1=" " ind2=" ">
      <subfield code="a">ELTE</subfield>
    </datafield>
    <datafield tag="041" ind1="0" ind2=" ">
      <subfield code="a">hun</subfield>
    </datafield>
    <datafield tag="245" ind1="0" ind2="0">
      <subfield code="a">1000 éves a magyar iskola :</subfield>
      <subfield code="b">"Az erdélyi magyar felsőoktatás évszázadai" : Kiállítás és konferencia : Emlékkönyv</subfield>
      <subfield code="c">/ [szerk. Faragó József, Incze Miklós, Katona Szabó István]</subfield>
    </datafield>
    <datafield tag="260" ind1=" " ind2=" ">
      <subfield code="a">Budapest :</subfield>
      <subfield code="b">Bolyai Egyetem Barátainak Egyesülete ;</subfield>
      <subfield code="b">Bolyai Egyetemért Alapítvány,</subfield>
      <subfield code="c">1996</subfield>
    </datafield>
    <datafield tag="300" ind1=" " ind2=" ">
      <subfield code="a">203 p. ;</subfield>
      <subfield code="c">21 cm</subfield>
    </datafield>
    <datafield tag="650" ind1="0" ind2="4">
      <subfield code="a">felsőoktatástörténet</subfield>
      <subfield code="z">erdélyi magyar</subfield>
      <subfield code="x">konferencia</subfield>
    </datafield>
    <datafield tag="650" ind1=" " ind2="4">
      <subfield code="a">Erdély</subfield>
    </datafield>
    <datafield tag="650" ind1=" " ind2="4">
      <subfield code="a">felsőoktatás</subfield>
    </datafield>
    <datafield tag="650" ind1=" " ind2="4">
      <subfield code="a">oktatástörténet</subfield>
    </datafield>
    <datafield tag="695" ind1=" " ind2=" ">
      <subfield code="a">Erdély</subfield>
    </datafield>
    <datafield tag="695" ind1=" " ind2=" ">
      <subfield code="a">Egyetemtörténet</subfield>
    </datafield>
    <datafield tag="695" ind1=" " ind2=" ">
      <subfield code="a">Felsőoktatás története</subfield>
    </datafield>
    <datafield tag="695" ind1=" " ind2=" ">
      <subfield code="a">Felsőoktatástörténet</subfield>
    </datafield>
    <datafield tag="700" ind1="1" ind2=" ">
      <subfield code="a">Faragó József</subfield>
      <subfield code="d">(1922-)</subfield>
    </datafield>
    <datafield tag="700" ind1="1" ind2=" ">
      <subfield code="a">Incze Miklós</subfield>
      <subfield code="d">(1922-)</subfield>
    </datafield>
    <datafield tag="700" ind1="1" ind2=" ">
      <subfield code="a">Katona Szabó István</subfield>
      <subfield code="d">(1922-)</subfield>
    </datafield>
    <datafield tag="710" ind1="2" ind2=" ">
      <subfield code="a">Bolyai Egyetem Barátainak Egyesülete (Budapest)</subfield>
    </datafield>
    <datafield tag="710" ind1="2" ind2=" ">
      <subfield code="a">Bolyai Egyetemért Alapítvány (Budapest)</subfield>
    </datafield>
    <datafield tag="711" ind1="2" ind2=" ">
      <subfield code="a">&#127;Az&#127; erdélyi magyar felsőoktatás évszázadai c. kiállítás és konferencia</subfield>
      <subfield code="c">(Budapest)</subfield>
      <subfield code="d">(1996)</subfield>
    </datafield>
    <datafield tag="852" ind1=" " ind2=" ">
      <subfield code="a">B2</subfield>
      <subfield code="b">B2</subfield>
      <subfield code="x">164058</subfield>
    </datafield>
    <datafield tag="852" ind1=" " ind2=" ">
      <subfield code="a">GY1</subfield>
      <subfield code="b">GY1</subfield>
      <subfield code="x">424146</subfield>
    </datafield>
    <datafield tag="852" ind1=" " ind2=" ">
      <subfield code="a">P1</subfield>
      <subfield code="B">P1/FK</subfield>
      <subfield code="b">P1</subfield>
      <subfield code="x">bibJPT0051416</subfield>
    </datafield>
    <datafield tag="852" ind1=" " ind2=" ">
      <subfield code="a">G1</subfield>
      <subfield code="b">G1</subfield>
      <subfield code="x">71707</subfield>
    </datafield>
  </record>