
  <record>
    <leader>00909nam  2200193 i 4500</leader>
    <controlfield tag="001">MOKKAS0003652039  </controlfield>
    <controlfield tag="005">20060614033509.0</controlfield>
    <controlfield tag="008">      s1996    hu            00010 hun d</controlfield>
    <datafield tag="035" ind1=" " ind2=" ">
      <subfield code="a">bibSEF00004649</subfield>
    </datafield>
    <datafield tag="040" ind1=" " ind2=" ">
      <subfield code="a">NYME</subfield>
    </datafield>
    <datafield tag="245" ind1="0" ind2="0">
      <subfield code="a">1000 éves a magyar iskola :</subfield>
      <subfield code="b">"Az erdélyi magyar felsőoktatás évszázadai" : Kiállítás és konferencia : Emlékkönyv /</subfield>
      <subfield code="c">[szerk. Faragó József, Incze Miklós, Katona Szabó István] ; [közr.] Bolyai Egyetem Barátainak Egyesülete (Budapest), Bolyai Egyetemért Alapítvány (Budapest)</subfield>
    </datafield>
    <datafield tag="260" ind1=" " ind2=" ">
      <subfield code="a">Budapest :</subfield>
      <subfield code="b">Bolyai Egyetem Barátainak Egyesülete :</subfield>
      <subfield code="b">Bolyai Egyetemért Alapítvány,</subfield>
      <subfield code="c">1996.</subfield>
    </datafield>
    <datafield tag="300" ind1=" " ind2=" ">
      <subfield code="a">203 p. ;</subfield>
      <subfield code="c">20 cm</subfield>
    </datafield>
    <datafield tag="700" ind1="1" ind2=" ">
      <subfield code="a">Faragó József</subfield>
    </datafield>
    <datafield tag="700" ind1="1" ind2=" ">
      <subfield code="a">Incze Miklós</subfield>
    </datafield>
    <datafield tag="700" ind1="2" ind2=" ">
      <subfield code="a">Katona Szabó István</subfield>
    </datafield>
    <datafield tag="710" ind1="2" ind2=" ">
      <subfield code="a">Bolyai Egyetem Barátainak Egyesülete (Budapest)</subfield>
    </datafield>
    <datafield tag="710" ind1="2" ind2=" ">
      <subfield code="a">Bolyai Egyetemért Alapítvány (Budapest)</subfield>
    </datafield>
    <datafield tag="852" ind1=" " ind2=" ">
      <subfield code="a">S1</subfield>
      <subfield code="b">S1</subfield>
      <subfield code="x">bibSEF00004649</subfield>
    </datafield>
  </record>