
  <record>
    <leader>00590nam  2200193   4500</leader>
    <controlfield tag="001">MOKKAS0002475944  </controlfield>
    <controlfield tag="005">20060617225432.0</controlfield>
    <controlfield tag="008">970422 1996    xx            00010 hun  </controlfield>
    <datafield tag="020" ind1=" " ind2=" ">
      <subfield code="a">963 8153 78 4 f. :</subfield>
    </datafield>
    <datafield tag="035" ind1=" " ind2=" ">
      <subfield code="a">bibMIF00014101</subfield>
    </datafield>
    <datafield tag="040" ind1=" " ind2=" ">
      <subfield code="a">MOME</subfield>
    </datafield>
    <datafield tag="100" ind1="1" ind2=" ">
      <subfield code="a">Kardos József</subfield>
    </datafield>
    <datafield tag="245" ind1="1" ind2="0">
      <subfield code="a">1000 éves a magyar iskola /</subfield>
      <subfield code="c">Kardos József, Kelemen Elemér</subfield>
    </datafield>
    <datafield tag="260" ind1=" " ind2=" ">
      <subfield code="a">Budapest :</subfield>
      <subfield code="b">Korona K.,</subfield>
      <subfield code="c">1996.</subfield>
    </datafield>
    <datafield tag="300" ind1=" " ind2=" ">
      <subfield code="a">188 p. :</subfield>
      <subfield code="b">ill.</subfield>
    </datafield>
    <datafield tag="650" ind1=" " ind2="7">
      <subfield code="a">iskola</subfield>
      <subfield code="x">történet</subfield>
      <subfield code="z">Magyarország</subfield>
      <subfield code="2">szte</subfield>
    </datafield>
    <datafield tag="650" ind1=" " ind2="7">
      <subfield code="a">school</subfield>
      <subfield code="x">history</subfield>
      <subfield code="z">Hungary</subfield>
      <subfield code="2">szte</subfield>
    </datafield>
    <datafield tag="700" ind1="1" ind2=" ">
      <subfield code="a">Kelemen Elemér</subfield>
    </datafield>
    <datafield tag="852" ind1=" " ind2=" ">
      <subfield code="a">B646</subfield>
      <subfield code="b">B646</subfield>
      <subfield code="x">bibMIF00014101</subfield>
    </datafield>
  </record>