
  <record>
    <leader>00911fam  2200229   4500</leader>
    <controlfield tag="001">MOKKAZ0004000814  </controlfield>
    <controlfield tag="005">20040910015939.0</controlfield>
    <controlfield tag="008">970512 1995    hu            00010 hun  </controlfield>
    <datafield tag="020" ind1=" " ind2=" ">
      <subfield code="a">963 01 9708 1</subfield>
    </datafield>
    <datafield tag="035" ind1=" " ind2=" ">
      <subfield code="a">bibJAT00268896</subfield>
    </datafield>
    <datafield tag="040" ind1=" " ind2=" ">
      <subfield code="a">SZTE</subfield>
    </datafield>
    <datafield tag="245" ind1="0" ind2="1">
      <subfield code="a">"1000 éves a magyarországi iskola" :</subfield>
      <subfield code="b">Veszprém megyei neveléstörténeti tanulmányok /</subfield>
      <subfield code="c">[Szerk. Tolnai Valéria]</subfield>
    </datafield>
    <datafield tag="260" ind1=" " ind2=" ">
      <subfield code="a">Veszprém :</subfield>
      <subfield code="b">Megyei Ped. Int.,</subfield>
      <subfield code="c">1995</subfield>
    </datafield>
    <datafield tag="300" ind1=" " ind2=" ">
      <subfield code="a">193 p. 2 t. :</subfield>
      <subfield code="b">Ill. ;</subfield>
      <subfield code="c">20 cm</subfield>
    </datafield>
    <datafield tag="490" ind1="1" ind2=" ">
      <subfield code="a">(Megyei Pedagógiai Körkép Kiskönyvtára ,</subfield>
      <subfield code="x">0237-4285 ;</subfield>
      <subfield code="v">39.)</subfield>
    </datafield>
    <datafield tag="650" ind1=" " ind2="7">
      <subfield code="a">Neveléstörténet</subfield>
      <subfield code="x">magyar</subfield>
      <subfield code="x">tanulmányok</subfield>
      <subfield code="2">szte</subfield>
    </datafield>
    <datafield tag="650" ind1=" " ind2="7">
      <subfield code="a">Iskolatörténet</subfield>
      <subfield code="x">Magyarország</subfield>
      <subfield code="x">tanulmányok</subfield>
      <subfield code="2">szte</subfield>
    </datafield>
    <datafield tag="650" ind1=" " ind2="7">
      <subfield code="a">Veszprém megye</subfield>
      <subfield code="x">művelődéstörténet</subfield>
      <subfield code="x">tanulmányok</subfield>
      <subfield code="2">szte</subfield>
    </datafield>
    <datafield tag="700" ind1="1" ind2=" ">
      <subfield code="a">Tolnai Valéria</subfield>
    </datafield>
    <datafield tag="830" ind1=" " ind2="0">
      <subfield code="a">Megyei Pedagógiai Körkép Kiskönyvtára</subfield>
    </datafield>
    <datafield tag="852" ind1=" " ind2=" ">
      <subfield code="a">SZ1</subfield>
      <subfield code="b">SZ1</subfield>
      <subfield code="x">bibJAT00268896</subfield>
    </datafield>
    <datafield tag="852" ind1=" " ind2=" ">
      <subfield code="a">P1</subfield>
      <subfield code="b">P1</subfield>
      <subfield code="x">bibJPT0029490</subfield>
    </datafield>
  </record>