
  <record>
    <leader>00851fam  2200241 ir4500</leader>
    <controlfield tag="001">MOKKAZ0006334344  </controlfield>
    <controlfield tag="005">20040915193007.0</controlfield>
    <controlfield tag="008">951227s1995    hu a     b    000 0 hun d</controlfield>
    <datafield tag="020" ind1=" " ind2=" ">
      <subfield code="a">963-8444-15-0 (fűzött)</subfield>
    </datafield>
    <datafield tag="020" ind1=" " ind2=" ">
      <subfield code="z">963-01-9708-1</subfield>
    </datafield>
    <datafield tag="035" ind1=" " ind2=" ">
      <subfield code="a">163413</subfield>
    </datafield>
    <datafield tag="040" ind1=" " ind2=" ">
      <subfield code="a">OSZK</subfield>
    </datafield>
    <datafield tag="041" ind1="0" ind2=" ">
      <subfield code="a">hunhun</subfield>
    </datafield>
    <datafield tag="245" ind1="0" ind2="1">
      <subfield code="a">"1000 éves a magyarországi iskola" : </subfield>
      <subfield code="b">Veszprém megyei neveléstörténeti tanulmányok /</subfield>
      <subfield code="c">[szerk. Tolnai Valéria]</subfield>
    </datafield>
    <datafield tag="260" ind1=" " ind2=" ">
      <subfield code="a">Veszprém :</subfield>
      <subfield code="b">MPI,</subfield>
      <subfield code="c">1995</subfield>
      <subfield code="e">([Veszprém]</subfield>
      <subfield code="f">EKMK)</subfield>
    </datafield>
    <datafield tag="300" ind1=" " ind2=" ">
      <subfield code="a">[2], 193 p., [2] t.fol. :</subfield>
      <subfield code="b">ill. ;</subfield>
      <subfield code="c">20 cm</subfield>
    </datafield>
    <datafield tag="490" ind1="1" ind2=" ">
      <subfield code="a">Megyei pedagógiai körkép kiskönyvtára</subfield>
      <subfield code="x">0237-4285</subfield>
      <subfield code="v">39.</subfield>
    </datafield>
    <datafield tag="504" ind1=" " ind2=" ">
      <subfield code="a">Bibliogr. a tanulmányok végén</subfield>
    </datafield>
    <datafield tag="650" ind1=" " ind2="4">
      <subfield code="a">Veszprém (megye)</subfield>
    </datafield>
    <datafield tag="700" ind1="1" ind2=" ">
      <subfield code="a">Tolnai Valéria</subfield>
      <subfield code="4">(szerk.)</subfield>
    </datafield>
    <datafield tag="830" ind1=" " ind2="0">
      <subfield code="a">Megyei pedagógiai körkép kiskönyvtára</subfield>
    </datafield>
    <datafield tag="852" ind1=" " ind2=" ">
      <subfield code="a">B1</subfield>
      <subfield code="b">B1</subfield>
      <subfield code="x">163413</subfield>
    </datafield>
    <datafield tag="852" ind1=" " ind2=" ">
      <subfield code="a">D1</subfield>
      <subfield code="b">D1</subfield>
      <subfield code="x">163413</subfield>
    </datafield>
  </record>