
  <record>
    <leader>00765nam  2200217 i 4500</leader>
    <controlfield tag="001">MOKKAW0005558982  </controlfield>
    <controlfield tag="005">20080415055750.0</controlfield>
    <controlfield tag="008">050915s2001                        hun d</controlfield>
    <datafield tag="020" ind1=" " ind2=" ">
      <subfield code="a">963-204-065-1 (fűzött)</subfield>
    </datafield>
    <datafield tag="035" ind1=" " ind2=" ">
      <subfield code="a">NLVK478477</subfield>
    </datafield>
    <datafield tag="040" ind1=" " ind2=" ">
      <subfield code="a">NLVK</subfield>
    </datafield>
    <datafield tag="041" ind1="0" ind2=" ">
      <subfield code="a">hun</subfield>
    </datafield>
    <datafield tag="100" ind1="1" ind2=" ">
      <subfield code="a">Bérczi Szaniszló</subfield>
      <subfield code="d">(1950-)</subfield>
    </datafield>
    <datafield tag="245" ind1="1" ind2="0">
      <subfield code="a">1000 éves Magyarország : </subfield>
      <subfield code="b">ismeretterjesztő kifestő gyermekeknek és szüleiknek /</subfield>
      <subfield code="c">Bérczi Szaniszló</subfield>
    </datafield>
    <datafield tag="260" ind1=" " ind2=" ">
      <subfield code="a">Kisújszállás :</subfield>
      <subfield code="b">Alföldkutatásért Alapítvány,</subfield>
      <subfield code="c">[2001]</subfield>
    </datafield>
    <datafield tag="300" ind1=" " ind2=" ">
      <subfield code="a">[20] p. :</subfield>
      <subfield code="b">ill. ;</subfield>
      <subfield code="c">21x30 cm</subfield>
    </datafield>
    <datafield tag="490" ind1="1" ind2=" ">
      <subfield code="a">Eurázsiai Művészetek</subfield>
    </datafield>
    <datafield tag="650" ind1=" " ind2="4">
      <subfield code="a">Magyarország</subfield>
      <subfield code="x">Művészettörténet</subfield>
    </datafield>
    <datafield tag="650" ind1=" " ind2="4">
      <subfield code="a">Magyarország</subfield>
      <subfield code="x">Művészettörténet 1000-2000</subfield>
    </datafield>
    <datafield tag="830" ind1=" " ind2="0">
      <subfield code="a">Eurázsiai Művészetek</subfield>
    </datafield>
    <datafield tag="852" ind1=" " ind2=" ">
      <subfield code="a">H1</subfield>
      <subfield code="b">H1</subfield>
      <subfield code="x">NLVK478477</subfield>
    </datafield>
  </record>