
  <record>
    <leader>00604cam  22001811i 4500</leader>
    <controlfield tag="001">MOKKAS0001893798  </controlfield>
    <controlfield tag="005">20090827142358.0</controlfield>
    <controlfield tag="008">040921s1967    hu a          00  0 hun d</controlfield>
    <datafield tag="035" ind1=" " ind2=" ">
      <subfield code="a">84957</subfield>
    </datafield>
    <datafield tag="040" ind1=" " ind2=" ">
      <subfield code="a">ELTE</subfield>
    </datafield>
    <datafield tag="041" ind1="0" ind2=" ">
      <subfield code="a">hun</subfield>
    </datafield>
    <datafield tag="245" ind1="0" ind2="0">
      <subfield code="a">1000 éves vendéglátás /</subfield>
      <subfield code="c">[Hungler József helytörténeti monográfiájából szerk. Birkás József]</subfield>
    </datafield>
    <datafield tag="260" ind1=" " ind2=" ">
      <subfield code="a">Veszprém :</subfield>
      <subfield code="b">Veszprém Megyei Vendéglátóipari Váll.,</subfield>
      <subfield code="c">1967</subfield>
    </datafield>
    <datafield tag="300" ind1=" " ind2=" ">
      <subfield code="a">64 p., 3 t. ;</subfield>
      <subfield code="c">17 cm</subfield>
    </datafield>
    <datafield tag="650" ind1="0" ind2="4">
      <subfield code="a">vendéglátóipar</subfield>
      <subfield code="x">történet</subfield>
      <subfield code="z">Veszprém</subfield>
    </datafield>
    <datafield tag="700" ind1="1" ind2=" ">
      <subfield code="a">Hungler József</subfield>
      <subfield code="d">(1909-1989)</subfield>
    </datafield>
    <datafield tag="700" ind1="1" ind2=" ">
      <subfield code="a">Birkás József</subfield>
    </datafield>
    <datafield tag="852" ind1=" " ind2=" ">
      <subfield code="a">B2</subfield>
      <subfield code="b">B2</subfield>
      <subfield code="x">84957</subfield>
    </datafield>
  </record>