
  <record>
    <leader>00805ncm  2200241 i 4500</leader>
    <controlfield tag="001">MOKKAN0004799666  </controlfield>
    <controlfield tag="005">20070903143741.0</controlfield>
    <controlfield tag="008">010308s1943    hu             n 1  hun d</controlfield>
    <datafield tag="028" ind1=" " ind2=" ">
      <subfield code="b">Magyar Kórus Budapest</subfield>
    </datafield>
    <datafield tag="035" ind1=" " ind2=" ">
      <subfield code="a">bibJGYx77094</subfield>
    </datafield>
    <datafield tag="040" ind1=" " ind2=" ">
      <subfield code="a">SZTE</subfield>
    </datafield>
    <datafield tag="041" ind1=" " ind2=" ">
      <subfield code="a">hun</subfield>
    </datafield>
    <datafield tag="100" ind1="1" ind2=" ">
      <subfield code="a">Forrai Miklós</subfield>
    </datafield>
    <datafield tag="245" ind1="1" ind2="0">
      <subfield code="a">1000 év kórusa</subfield>
      <subfield code="h">[Kotta] :</subfield>
      <subfield code="b">Az Országos M. Kir. Liszt Ferenc Zeneművészeti Főiskola Tankönyve /</subfield>
      <subfield code="c">Forrai Miklós gyüjteménye</subfield>
    </datafield>
    <datafield tag="254" ind1=" " ind2=" ">
      <subfield code="a">[Karpartitúra]</subfield>
    </datafield>
    <datafield tag="260" ind1=" " ind2=" ">
      <subfield code="a">Budapest :</subfield>
      <subfield code="b">Magyar Kórus,</subfield>
      <subfield code="c">1943</subfield>
    </datafield>
    <datafield tag="300" ind1=" " ind2=" ">
      <subfield code="a">336 p. ;</subfield>
      <subfield code="c">25 cm</subfield>
    </datafield>
    <datafield tag="490" ind1="1" ind2=" ">
      <subfield code="a">(Éneklő Magyarország ;</subfield>
      <subfield code="v">11.)</subfield>
    </datafield>
    <datafield tag="500" ind1=" " ind2=" ">
      <subfield code="a">Gulyás György karnagy özvegyének ajándéka</subfield>
    </datafield>
    <datafield tag="695" ind1=" " ind2=" ">
      <subfield code="a">Vokális zene</subfield>
      <subfield code="x">karmű</subfield>
    </datafield>
    <datafield tag="695" ind1=" " ind2=" ">
      <subfield code="a">Kórusmű</subfield>
    </datafield>
    <datafield tag="830" ind1=" " ind2="0">
      <subfield code="a">Éneklő Magyarország</subfield>
    </datafield>
    <datafield tag="852" ind1=" " ind2=" ">
      <subfield code="a">SZ1</subfield>
      <subfield code="b">SZ1/R3</subfield>
      <subfield code="b">SZ1/R2</subfield>
      <subfield code="x">bibJGYx77094</subfield>
    </datafield>
  </record>