
  <record>
    <leader>00720ncm  2200205 i 4500</leader>
    <controlfield tag="001">MOKKAZ0003708952  </controlfield>
    <controlfield tag="005">20040909213430.0</controlfield>
    <controlfield tag="008">010308s1943    hu             n 1  hun d</controlfield>
    <datafield tag="028" ind1="2" ind2="0">
      <subfield code="a">M.K 510-22</subfield>
      <subfield code="b">Magyar Kórus Budapest</subfield>
    </datafield>
    <datafield tag="035" ind1=" " ind2=" ">
      <subfield code="a">bibKLT00309165</subfield>
    </datafield>
    <datafield tag="040" ind1=" " ind2=" ">
      <subfield code="a">DEENK</subfield>
    </datafield>
    <datafield tag="041" ind1=" " ind2=" ">
      <subfield code="a">hun</subfield>
    </datafield>
    <datafield tag="245" ind1="1" ind2="0">
      <subfield code="a">1000 év kórusa</subfield>
      <subfield code="h">[Nyomtatott kotta] :</subfield>
      <subfield code="b">Az Országos M. Kir. Liszt Ferenc Zeneművészeti Főiskola Tankönyve /</subfield>
      <subfield code="c">Forrai Miklós gyüjteménye</subfield>
    </datafield>
    <datafield tag="254" ind1=" " ind2=" ">
      <subfield code="a">Karpartitúra</subfield>
    </datafield>
    <datafield tag="260" ind1=" " ind2=" ">
      <subfield code="a">Budapest :</subfield>
      <subfield code="b">Magyar Kórus,</subfield>
      <subfield code="c">1943</subfield>
    </datafield>
    <datafield tag="300" ind1=" " ind2=" ">
      <subfield code="a">336 p. ;</subfield>
      <subfield code="c">25 cm</subfield>
    </datafield>
    <datafield tag="500" ind1=" " ind2=" ">
      <subfield code="a">Gulyás György karnagy özvegyének ajándéka</subfield>
    </datafield>
    <datafield tag="695" ind1=" " ind2=" ">
      <subfield code="a">vokális zene</subfield>
      <subfield code="x">karmű</subfield>
    </datafield>
    <datafield tag="700" ind1="1" ind2=" ">
      <subfield code="a">Forrai Miklós</subfield>
      <subfield code="d">(1913-1998)</subfield>
    </datafield>
    <datafield tag="852" ind1=" " ind2=" ">
      <subfield code="a">D1</subfield>
      <subfield code="b">D1/Z</subfield>
      <subfield code="x">bibKLT00309165</subfield>
    </datafield>
  </record>