
  <record>
    <leader>00988fam  2200277   4500</leader>
    <controlfield tag="001">MOKKAZ0004069568  </controlfield>
    <controlfield tag="005">20090505174942.0</controlfield>
    <controlfield tag="008">000310 1999    hu            00010 hun  </controlfield>
    <datafield tag="020" ind1=" " ind2=" ">
      <subfield code="a">963 9269 04 2</subfield>
    </datafield>
    <datafield tag="035" ind1=" " ind2=" ">
      <subfield code="a">bibJAT00364778</subfield>
    </datafield>
    <datafield tag="040" ind1=" " ind2=" ">
      <subfield code="a">SZTE</subfield>
    </datafield>
    <datafield tag="100" ind1="1" ind2=" ">
      <subfield code="a">Mitták Ferenc</subfield>
    </datafield>
    <datafield tag="245" ind1="1" ind2="0">
      <subfield code="a">1000 év - 100 híres történelmi személy :</subfield>
      <subfield code="b">Szent Istvántól Antall Józsefig /</subfield>
      <subfield code="c">Mitták Ferenc</subfield>
    </datafield>
    <datafield tag="260" ind1=" " ind2=" ">
      <subfield code="a">Debrecen :</subfield>
      <subfield code="b">Tóth Könyvkereskedés,</subfield>
      <subfield code="c">[1999]</subfield>
    </datafield>
    <datafield tag="300" ind1=" " ind2=" ">
      <subfield code="a">477 p. :</subfield>
      <subfield code="b">ill. ;</subfield>
      <subfield code="c">24 cm</subfield>
    </datafield>
    <datafield tag="490" ind1="1" ind2=" ">
      <subfield code="a">(Tudomány és műveltség)</subfield>
    </datafield>
    <datafield tag="650" ind1=" " ind2="7">
      <subfield code="a">Uralkodó</subfield>
      <subfield code="x">Magyarország</subfield>
      <subfield code="x">életrajz</subfield>
      <subfield code="2">szte</subfield>
    </datafield>
    <datafield tag="650" ind1=" " ind2="7">
      <subfield code="a">Magyarország története</subfield>
      <subfield code="x">életrajz</subfield>
      <subfield code="2">szte</subfield>
    </datafield>
    <datafield tag="650" ind1=" " ind2="7">
      <subfield code="a">Magyarország története</subfield>
      <subfield code="y">10-20. sz.</subfield>
      <subfield code="x">életrajz</subfield>
      <subfield code="2">szte</subfield>
    </datafield>
    <datafield tag="651" ind1=" " ind2="4">
      <subfield code="a">Magyarország</subfield>
    </datafield>
    <datafield tag="695" ind1=" " ind2=" ">
      <subfield code="a">Életrajz, történelmi személyek</subfield>
    </datafield>
    <datafield tag="695" ind1=" " ind2=" ">
      <subfield code="a">Történelem</subfield>
    </datafield>
    <datafield tag="830" ind1=" " ind2="0">
      <subfield code="a">Tudomány és műveltség</subfield>
    </datafield>
    <datafield tag="852" ind1=" " ind2=" ">
      <subfield code="a">SZ1</subfield>
      <subfield code="b">SZ1</subfield>
      <subfield code="x">bibJAT00364778</subfield>
    </datafield>
    <datafield tag="852" ind1=" " ind2=" ">
      <subfield code="a">P1</subfield>
      <subfield code="b">P1</subfield>
      <subfield code="b">P1/F1</subfield>
      <subfield code="b">P1/SZ</subfield>
      <subfield code="x">bibJPT00154641</subfield>
    </datafield>
    <datafield tag="852" ind1=" " ind2=" ">
      <subfield code="a">SZ4</subfield>
      <subfield code="b">SZ4</subfield>
      <subfield code="x">bibSOK00070285</subfield>
    </datafield>
  </record>