
  <record>
    <leader>06574fam  2200505 i 4500</leader>
    <controlfield tag="001">MOKKAZ0006389468  </controlfield>
    <controlfield tag="005">20040915200046.0</controlfield>
    <controlfield tag="008">000307s2000    hu a          000 0 hun d</controlfield>
    <datafield tag="020" ind1=" " ind2=" ">
      <subfield code="a">963-9269-04-2 (kötött) :</subfield>
      <subfield code="c">2100,- Ft</subfield>
    </datafield>
    <datafield tag="035" ind1=" " ind2=" ">
      <subfield code="a">415439</subfield>
    </datafield>
    <datafield tag="040" ind1=" " ind2=" ">
      <subfield code="a">OSZK</subfield>
    </datafield>
    <datafield tag="041" ind1="0" ind2=" ">
      <subfield code="a">hunhun</subfield>
    </datafield>
    <datafield tag="100" ind1="1" ind2=" ">
      <subfield code="a">Mitták Ferenc</subfield>
      <subfield code="d">(1949-)</subfield>
    </datafield>
    <datafield tag="245" ind1="1" ind2="0">
      <subfield code="a">1000 év - 100 híres történelmi személy : </subfield>
      <subfield code="b">Szent Istvántól Antall Józsefig /</subfield>
      <subfield code="c">Mitták Ferenc</subfield>
    </datafield>
    <datafield tag="260" ind1=" " ind2=" ">
      <subfield code="a">Debrecen :</subfield>
      <subfield code="b">Tóth Kvkereskedés,</subfield>
      <subfield code="c">[2000]</subfield>
      <subfield code="e">(Debrecen</subfield>
      <subfield code="f">Alföldi Ny.)</subfield>
    </datafield>
    <datafield tag="300" ind1=" " ind2=" ">
      <subfield code="a">477 p. :</subfield>
      <subfield code="b">ill. ;</subfield>
      <subfield code="c">24 cm</subfield>
    </datafield>
    <datafield tag="505" ind1="0" ind2="0">
      <subfield code="g">1.</subfield>
      <subfield code="t">I. (Szent) István, az államalapító--</subfield>
      <subfield code="g">2.</subfield>
      <subfield code="t">Boldog Gizella, Magyarország első királynéja--</subfield>
      <subfield code="g">3.</subfield>
      <subfield code="t">Csanád, Szent István hadvezére--</subfield>
      <subfield code="g">4.</subfield>
      <subfield code="t">Szent Gellért, a vértanú püspök--</subfield>
      <subfield code="g">5.</subfield>
      <subfield code="t">Orseolo Péter, a "Velencei"--</subfield>
      <subfield code="g">6.</subfield>
      <subfield code="t">Vata, a lázadó "pogány törzsfő"--</subfield>
      <subfield code="g">7.</subfield>
      <subfield code="t">(Bajnok) Béla, a "németverő"--</subfield>
      <subfield code="g">8.</subfield>
      <subfield code="t">Salamon, az elűzött király--</subfield>
      <subfield code="g">9.</subfield>
      <subfield code="t">I. Géza, a "Magnus"--</subfield>
      <subfield code="g">10.</subfield>
      <subfield code="t">I. (Szent) László, az első lovagkirály--</subfield>
      <subfield code="g">11.</subfield>
      <subfield code="t">(Könyves) Kálmán, a "tudós király"--</subfield>
      <subfield code="g">12.</subfield>
      <subfield code="t">Álmos, a megvakított herceg--</subfield>
      <subfield code="g">13.</subfield>
      <subfield code="t">II. István, a "magtalan"--</subfield>
      <subfield code="g">14.</subfield>
      <subfield code="t">II. (Vak) Béla, a "báb-király"--</subfield>
      <subfield code="g">15.</subfield>
      <subfield code="t">Belus bán, II. Géza hadvezére--</subfield>
      <subfield code="g">16.</subfield>
      <subfield code="t">Borisz herceg, a "fattyú"--</subfield>
      <subfield code="g">17.</subfield>
      <subfield code="t">III. István és az ellenkirályok--</subfield>
      <subfield code="g">18.</subfield>
      <subfield code="t">Dénes, Bács megyei ispán--</subfield>
      <subfield code="g">19.</subfield>
      <subfield code="t">III. Béla, a "bizánci" reformer--</subfield>
      <subfield code="g">20.</subfield>
      <subfield code="t">Anonymus és a Gesta Hungarorum--</subfield>
      <subfield code="g">21.</subfield>
      <subfield code="t">II. András, a "tékozló király"--</subfield>
      <subfield code="g">22.</subfield>
      <subfield code="t">Gertrúd, a meggyilkolt királyné--</subfield>
      <subfield code="g">23.</subfield>
      <subfield code="t">Árpád-házi Szent Erzsébet--</subfield>
      <subfield code="g">24.</subfield>
      <subfield code="t">Tomaj Dénes nádor és a muhi csata--</subfield>
      <subfield code="g">25.</subfield>
      <subfield code="t">IV. Béla, a második honalapító--</subfield>
      <subfield code="g">26.</subfield>
      <subfield code="t">Szent Margit, a nyulak-szigeti apáca--</subfield>
      <subfield code="g">27.</subfield>
      <subfield code="t">Kun Erzsébet, "Magyarország királynéja és a kun császár leánya"--</subfield>
      <subfield code="g">28.</subfield>
      <subfield code="t">Csák Máté, a morvamezei csata hadvezére--</subfield>
      <subfield code="g">29.</subfield>
      <subfield code="t">IV. Kun László, a "kiátkozott" király--</subfield>
      <subfield code="g">30.</subfield>
      <subfield code="t">III. András, az "utolsó aranyágacska"--</subfield>
      <subfield code="g">31.</subfield>
      <subfield code="t">I. Károly (Róbert) és az aranyforint--</subfield>
      <subfield code="g">32.</subfield>
      <subfield code="t">Debreceni Dózsa nádor, az "újnemes"--</subfield>
      <subfield code="g">33.</subfield>
      <subfield code="t">Csák Máté, Mátyusföld "kiskirálya"--</subfield>
      <subfield code="g">34.</subfield>
      <subfield code="t">Zách Klára, a tragikus sorsú nemeslány--</subfield>
      <subfield code="g">35.</subfield>
      <subfield code="t">I. (Nagy) Lajos, a második lovagkirály--</subfield>
      <subfield code="g">36.</subfield>
      <subfield code="t">Lackfi István, a nápolyi hadjárat vezére--</subfield>
      <subfield code="g">37.</subfield>
      <subfield code="t">Kálti Márk és a Képes Krónika--</subfield>
      <subfield code="g">38.</subfield>
      <subfield code="t">Toldi Miklós, a királyi lovag--</subfield>
      <subfield code="g">39.</subfield>
      <subfield code="t">Mária, az első magyar királynő--</subfield>
      <subfield code="g">40.</subfield>
      <subfield code="t">Zsigmond, a "taktikus és politikus" király--</subfield>
      <subfield code="g">41.</subfield>
      <subfield code="t">Ozorai Pipo, a temesi ispán--</subfield>
      <subfield code="g">42.</subfield>
      <subfield code="t">Budai Nagy Antal, az erdélyi parasztvezér--</subfield>
      <subfield code="g">43.</subfield>
      <subfield code="t">I. Ulászló, a "csatában halt" király--</subfield>
      <subfield code="g">44.</subfield>
      <subfield code="t">Hunyadi János, a "törökverő"--</subfield>
      <subfield code="g">45.</subfield>
      <subfield code="t">I. (Hunyadi) Mátyás, az "igazságos"--</subfield>
      <subfield code="g">46.</subfield>
      <subfield code="t">Vitéz János, a humanista érsek--</subfield>
      <subfield code="g">47.</subfield>
      <subfield code="t">Janus Pannonius, a humanista és reneszánsz költő--</subfield>
      <subfield code="g">48.</subfield>
      <subfield code="t">Beatrix, Mátyás király felesége--</subfield>
      <subfield code="g">49.</subfield>
      <subfield code="t">Kinizsi Pál, a molnárlegényből lett hadvezér--</subfield>
      <subfield code="g">50.</subfield>
      <subfield code="t">II. Ulászló, a "gyengekezű" király--</subfield>
      <subfield code="g">51.</subfield>
      <subfield code="t">Dózsa György, a keresztesek vezére--</subfield>
      <subfield code="g">52.</subfield>
      <subfield code="t">II. Lajos, a "Mohácsnál veszett" király--</subfield>
      <subfield code="g">53.</subfield>
      <subfield code="t">Tomori Pál, a mohácsi csata hadvezére--</subfield>
      <subfield code="g">54.</subfield>
      <subfield code="t">I. (Szapolyai) János, a "hűbéres" király--</subfield>
      <subfield code="g">55.</subfield>
      <subfield code="t">I. Ferdinánd, Habsburg-házi magyar király--</subfield>
      <subfield code="g">56.</subfield>
      <subfield code="t">Dobó István, az "egri csillagok" várkapitánya--</subfield>
      <subfield code="g">57.</subfield>
      <subfield code="t">Martinuzzi Fráter György, az első erdélyi politikus--</subfield>
      <subfield code="g">58.</subfield>
      <subfield code="t">Zrínyi Miklós, szigetvári hős--</subfield>
      <subfield code="g">59.</subfield>
      <subfield code="t">Báthory István, erdélyi fejedelem és lengyel király--</subfield>
      <subfield code="g">60.</subfield>
      <subfield code="t">Balassi Bálint, a végvári katona és költő--</subfield>
      <subfield code="g">61.</subfield>
      <subfield code="t">Bocskai István az erdélyi hadak élén--</subfield>
      <subfield code="g">62.</subfield>
      <subfield code="t">Pázmány Péter, az ellenreformáció érseke--</subfield>
      <subfield code="g">63.</subfield>
      <subfield code="t">Bethlen Gábor, erdélyi fejedelem és hadvezér--</subfield>
      <subfield code="g">64.</subfield>
      <subfield code="t">I. Rákóczi György, az európai politika "fegyvertársa"--</subfield>
      <subfield code="g">65.</subfield>
      <subfield code="t">Zrínyi Miklós, a költő és hadvezér--</subfield>
      <subfield code="g">66.</subfield>
      <subfield code="t">Lorántffy Zsuzsanna, a "mecénás fejedelemasszony"--</subfield>
      <subfield code="g">67.</subfield>
      <subfield code="t">Wesselényi Ferenc nádor és a "murányi Vénusz"--</subfield>
      <subfield code="g">68.</subfield>
      <subfield code="t">Thököly Imre, a "kuruc király"--</subfield>
      <subfield code="g">69.</subfield>
      <subfield code="t">Zrínyi Ilona, a munkácsi hősnő--</subfield>
      <subfield code="g">70.</subfield>
      <subfield code="t">I. Lipót, a törökök és a magyar rendek ellen--</subfield>
      <subfield code="g">71.</subfield>
      <subfield code="t">II. Rákóczi Ferenc, a nagyságos fejedelem--</subfield>
      <subfield code="g">72.</subfield>
      <subfield code="t">Bercsényi Miklós, főgenerális és fejedelmi helytartó--</subfield>
      <subfield code="g">73.</subfield>
      <subfield code="t">Esze Tamás, a "talpasok ezereskapitánya"--</subfield>
      <subfield code="g">74.</subfield>
      <subfield code="t">Bottyán János, a kuruc generális--</subfield>
      <subfield code="g">75.</subfield>
      <subfield code="t">Mária Terézia, az első Habsburg-magyar uralkodónő--</subfield>
      <subfield code="g">76.</subfield>
      <subfield code="t">Hadik András tábornagy és a berlini "portya"--</subfield>
      <subfield code="g">77.</subfield>
      <subfield code="t">Bessenyei György, a nemesi testőr és a felvilágosult "irodalmár"--</subfield>
      <subfield code="g">78.</subfield>
      <subfield code="t">Kovács Mihály ezredes és az amerikai "halál-lovaglás"--</subfield>
      <subfield code="g">79.</subfield>
      <subfield code="t">II. József, a "kalapos király"--</subfield>
      <subfield code="g">80.</subfield>
      <subfield code="t">Martinovics Ignác, a jakobinus összeesküvő--</subfield>
      <subfield code="g">81.</subfield>
      <subfield code="t">Kazinczy Ferenc, a nyelvújító--</subfield>
      <subfield code="g">82.</subfield>
      <subfield code="t">Kossuth Lajos, a "magyarok Mózese"--</subfield>
      <subfield code="g">83.</subfield>
      <subfield code="t">Széchenyi István, a "legnagyobb magyar"--</subfield>
      <subfield code="g">84.</subfield>
      <subfield code="t">Petőfi Sándor, a forradalom költője--</subfield>
      <subfield code="g">85.</subfield>
      <subfield code="t">Görgei Artúr, a honvédsereg fővezére--</subfield>
      <subfield code="g">86.</subfield>
      <subfield code="t">Damjanich János és még 12 aradi vértanú--</subfield>
      <subfield code="g">87.</subfield>
      <subfield code="t">Deák Ferenc, a "haza bölcse"--</subfield>
      <subfield code="g">88.</subfield>
      <subfield code="t">I. Ferenc József, a "kaizer und kőnig"--</subfield>
      <subfield code="g">89.</subfield>
      <subfield code="t">Tisza Kálmán, a "boldog békeidők" miniszterelnöke--</subfield>
      <subfield code="g">90.</subfield>
      <subfield code="t">Erzsébet királyné, a "Sisi"--</subfield>
      <subfield code="g">91.</subfield>
      <subfield code="t">Károlyi Mihály, a "vörös gróf"--</subfield>
      <subfield code="g">92.</subfield>
      <subfield code="t">Kun Béla, a "kommün" vezetője--</subfield>
      <subfield code="g">93.</subfield>
      <subfield code="t">Horthy Miklós, Magyarország kormányzója--</subfield>
      <subfield code="g">94.</subfield>
      <subfield code="t">Bethlen István, a "szürke eminenciás"--</subfield>
      <subfield code="g">95.</subfield>
      <subfield code="t">Szálasi Ferenc, a nyilas nemzetvezető és "nemzetvesztő"--</subfield>
      <subfield code="g">96.</subfield>
      <subfield code="t">Kéthly Anna, a "férfias" képviselőnő--</subfield>
      <subfield code="g">97.</subfield>
      <subfield code="t">Rákosi Mátyás, a "bölcs vezér"--</subfield>
      <subfield code="g">98.</subfield>
      <subfield code="t">Nagy Imre, a reformer miniszterelnök--</subfield>
      <subfield code="g">99.</subfield>
      <subfield code="t">Kádár János és a "legvidámabb barakk"--</subfield>
      <subfield code="g">100.</subfield>
      <subfield code="t">Antall József, a rendszerváltó miniszterelnök</subfield>
    </datafield>
    <datafield tag="650" ind1="0" ind2="4">
      <subfield code="a">magyar történelem</subfield>
      <subfield code="x">életrajzok</subfield>
    </datafield>
    <datafield tag="650" ind1="0" ind2="4">
      <subfield code="a">életrajz</subfield>
      <subfield code="x">politikusok</subfield>
      <subfield code="z">magyar</subfield>
    </datafield>
    <datafield tag="650" ind1=" " ind2="4">
      <subfield code="a">Magyarország - történelem - életrajzok</subfield>
    </datafield>
    <datafield tag="650" ind1=" " ind2="4">
      <subfield code="a">Királyok és uralkodók</subfield>
      <subfield code="z">Magyarország</subfield>
      <subfield code="x">életrajz</subfield>
    </datafield>
    <datafield tag="650" ind1=" " ind2="4">
      <subfield code="a">Életrajz</subfield>
    </datafield>
    <datafield tag="650" ind1=" " ind2="4">
      <subfield code="a">Történelem</subfield>
    </datafield>
    <datafield tag="650" ind1=" " ind2="4">
      <subfield code="a">Művelődéstörténet</subfield>
    </datafield>
    <datafield tag="650" ind1=" " ind2="4">
      <subfield code="a">Híres ember</subfield>
    </datafield>
    <datafield tag="650" ind1=" " ind2="4">
      <subfield code="a">történelmi személyek életrajza</subfield>
    </datafield>
    <datafield tag="650" ind1=" " ind2="4">
      <subfield code="a">helyi személy</subfield>
    </datafield>
    <datafield tag="650" ind1=" " ind2="4">
      <subfield code="a">magyar történelem</subfield>
    </datafield>
    <datafield tag="650" ind1=" " ind2="4">
      <subfield code="a">történelmi személy</subfield>
    </datafield>
    <datafield tag="650" ind1=" " ind2="4">
      <subfield code="a">Történet</subfield>
    </datafield>
    <datafield tag="650" ind1=" " ind2="4">
      <subfield code="a">Életrajzok</subfield>
    </datafield>
    <datafield tag="651" ind1=" " ind2="4">
      <subfield code="a">Magyarország</subfield>
      <subfield code="x">történet</subfield>
      <subfield code="x">életrajz</subfield>
    </datafield>
    <datafield tag="651" ind1=" " ind2="4">
      <subfield code="a">Magyarország</subfield>
    </datafield>
    <datafield tag="653" ind1=" " ind2=" ">
      <subfield code="a">helyi személy</subfield>
    </datafield>
    <datafield tag="695" ind1=" " ind2=" ">
      <subfield code="a">ODR 2001</subfield>
    </datafield>
    <datafield tag="852" ind1=" " ind2=" ">
      <subfield code="a">B1</subfield>
      <subfield code="b">B1</subfield>
      <subfield code="x">415439</subfield>
    </datafield>
    <datafield tag="852" ind1=" " ind2=" ">
      <subfield code="a">D1</subfield>
      <subfield code="b">D1</subfield>
      <subfield code="x">bibJAT00364778</subfield>
    </datafield>
    <datafield tag="852" ind1=" " ind2=" ">
      <subfield code="a">B10</subfield>
      <subfield code="B">0801</subfield>
      <subfield code="B">0801G</subfield>
      <subfield code="B">1802</subfield>
      <subfield code="B">1901</subfield>
      <subfield code="B">1903</subfield>
      <subfield code="B">2002</subfield>
      <subfield code="B">2101</subfield>
      <subfield code="B">2104</subfield>
      <subfield code="b">2301</subfield>
      <subfield code="x">bibFSZ00303040</subfield>
    </datafield>
    <datafield tag="852" ind1=" " ind2=" ">
      <subfield code="a">M1</subfield>
      <subfield code="b">M1</subfield>
      <subfield code="x">113556</subfield>
    </datafield>
    <datafield tag="852" ind1=" " ind2=" ">
      <subfield code="a">BCS1</subfield>
      <subfield code="b">BCS1</subfield>
      <subfield code="x">bibBKO00233814</subfield>
    </datafield>
    <datafield tag="852" ind1=" " ind2=" ">
      <subfield code="a">SZK1</subfield>
      <subfield code="b">SZK1</subfield>
      <subfield code="x">bibJAT00364778</subfield>
    </datafield>
    <datafield tag="852" ind1=" " ind2=" ">
      <subfield code="a">ST1</subfield>
      <subfield code="b">ST1</subfield>
      <subfield code="x">bibBBM138509</subfield>
    </datafield>
    <datafield tag="852" ind1=" " ind2=" ">
      <subfield code="a">GY1</subfield>
      <subfield code="b">GY1</subfield>
      <subfield code="x">454933</subfield>
    </datafield>
    <datafield tag="852" ind1=" " ind2=" ">
      <subfield code="a">GY1</subfield>
      <subfield code="b">GY1</subfield>
      <subfield code="x">KKMK454933</subfield>
    </datafield>
    <datafield tag="852" ind1=" " ind2=" ">
      <subfield code="a">SZL1</subfield>
      <subfield code="b">SZL1</subfield>
      <subfield code="x">bibVFK00214473</subfield>
    </datafield>
  </record>