
  <record>
    <leader>01182ngm  2200301 i 4500</leader>
    <controlfield tag="001">MOKKAW0005172082  </controlfield>
    <controlfield tag="005">20080313135406.0</controlfield>
    <controlfield tag="008">070130s2001    hu                  hun d</controlfield>
    <datafield tag="035" ind1=" " ind2=" ">
      <subfield code="a">KKMK1583957</subfield>
    </datafield>
    <datafield tag="040" ind1=" " ind2=" ">
      <subfield code="a">KKMK</subfield>
    </datafield>
    <datafield tag="041" ind1="0" ind2=" ">
      <subfield code="a">hun</subfield>
    </datafield>
    <datafield tag="100" ind1="1" ind2=" ">
      <subfield code="a">Glatz Ferenc</subfield>
      <subfield code="d">(1941)</subfield>
    </datafield>
    <datafield tag="245" ind1="1" ind2="0">
      <subfield code="a">1000 évről 100 percben</subfield>
      <subfield code="h">[videodok.] : a magyar állam múltjáról, jövőjéről /</subfield>
      <subfield code="c">Glatz Ferenc ; szerk., rend. Szakály István ; operatőr Nemescsói Tamás, Pápay Zsolt, Rácz Albert ; közrem. Papp János, Simon György</subfield>
    </datafield>
    <datafield tag="260" ind1=" " ind2=" ">
      <subfield code="a">Budapest :</subfield>
      <subfield code="b">MTV Rt :</subfield>
      <subfield code="b">Mokép,</subfield>
      <subfield code="c">2001</subfield>
    </datafield>
    <datafield tag="300" ind1=" " ind2=" ">
      <subfield code="a">1 DVD (69 min :</subfield>
      <subfield code="b">szín., hg ;</subfield>
      <subfield code="c">12 cm</subfield>
    </datafield>
    <datafield tag="500" ind1=" " ind2=" ">
      <subfield code="a">A DVD A História c. folyóirat XXVII. évf. 3. sz. mellékleteként jelent meg</subfield>
    </datafield>
    <datafield tag="518" ind1=" " ind2=" ">
      <subfield code="a">A film 2001-ben készült</subfield>
    </datafield>
    <datafield tag="650" ind1=" " ind2="4">
      <subfield code="a">magyar történelem</subfield>
    </datafield>
    <datafield tag="650" ind1=" " ind2="4">
      <subfield code="a">állam</subfield>
    </datafield>
    <datafield tag="650" ind1=" " ind2="4">
      <subfield code="a">nemzet</subfield>
    </datafield>
    <datafield tag="653" ind1=" " ind2=" ">
      <subfield code="a">DVD dokumentum</subfield>
    </datafield>
    <datafield tag="700" ind1="1" ind2=" ">
      <subfield code="a">Szakály István</subfield>
      <subfield code="c">(rendező)</subfield>
      <subfield code="4">(szerk., rend)</subfield>
    </datafield>
    <datafield tag="700" ind1="1" ind2=" ">
      <subfield code="a">Nemescsói Tamás</subfield>
      <subfield code="4">(operatőr)</subfield>
    </datafield>
    <datafield tag="700" ind1="1" ind2=" ">
      <subfield code="a">Pápay Zsolt</subfield>
      <subfield code="c">(operatőr)</subfield>
      <subfield code="4">(operatőr)</subfield>
    </datafield>
    <datafield tag="700" ind1="1" ind2=" ">
      <subfield code="a">Rácz Albert</subfield>
      <subfield code="c">(operatőr)</subfield>
      <subfield code="4">(operatőr)</subfield>
    </datafield>
    <datafield tag="700" ind1="1" ind2=" ">
      <subfield code="a">Papp János</subfield>
      <subfield code="4">(közrem)</subfield>
    </datafield>
    <datafield tag="700" ind1="1" ind2=" ">
      <subfield code="a">Simon György</subfield>
      <subfield code="4">(közrem)</subfield>
    </datafield>
    <datafield tag="852" ind1=" " ind2=" ">
      <subfield code="a">GY1</subfield>
      <subfield code="b">GY1</subfield>
      <subfield code="x">KKMK1583957</subfield>
    </datafield>
  </record>