
  <record>
    <leader>01169fcm  2200265   4500</leader>
    <controlfield tag="001">MOKKAZ0003547834  </controlfield>
    <controlfield tag="005">20040909200746.0</controlfield>
    <controlfield tag="008">990316s1996    hu             n 1  hun d</controlfield>
    <datafield tag="028" ind1="3" ind2="0">
      <subfield code="a">B.T. 208</subfield>
      <subfield code="b">Bárd Ferencz és testvére</subfield>
    </datafield>
    <datafield tag="028" ind1=" " ind2=" ">
      <subfield code="a">B.T. 208</subfield>
      <subfield code="b">Bárd</subfield>
    </datafield>
    <datafield tag="035" ind1=" " ind2=" ">
      <subfield code="a">bibKLT00213814</subfield>
    </datafield>
    <datafield tag="040" ind1=" " ind2=" ">
      <subfield code="a">DEENK</subfield>
    </datafield>
    <datafield tag="041" ind1=" " ind2=" ">
      <subfield code="d">hun</subfield>
      <subfield code="f">hun</subfield>
    </datafield>
    <datafield tag="100" ind1="1" ind2=" ">
      <subfield code="a">Verő György</subfield>
      <subfield code="d">(1857-1941)</subfield>
    </datafield>
    <datafield tag="245" ind1="1" ind2="0">
      <subfield code="a">1000 év</subfield>
      <subfield code="h">[Nyomtatott kotta] :</subfield>
      <subfield code="b">A Népszínház milleniumi szinművének összes eredeti ének és zeneszámai /</subfield>
      <subfield code="c">írta és zenéjét szerzette Verő György</subfield>
    </datafield>
    <datafield tag="250" ind1=" " ind2=" ">
      <subfield code="a">Reprint kiad.</subfield>
    </datafield>
    <datafield tag="254" ind1=" " ind2=" ">
      <subfield code="a">Zongorakivonat</subfield>
    </datafield>
    <datafield tag="260" ind1=" " ind2=" ">
      <subfield code="a">Budapest :</subfield>
      <subfield code="b">Rózsavölgyi Zeneműbolt,</subfield>
      <subfield code="c">1996</subfield>
    </datafield>
    <datafield tag="300" ind1=" " ind2=" ">
      <subfield code="a">23 p. ;</subfield>
      <subfield code="c">33 cm</subfield>
    </datafield>
    <datafield tag="505" ind1="0" ind2="0">
      <subfield code="g">1.</subfield>
      <subfield code="t">Igricz éneke és áldozati táncz-zene +</subfield>
      <subfield code="g">2.</subfield>
      <subfield code="t">Mária-dal és köz-zene +</subfield>
      <subfield code="g">3.</subfield>
      <subfield code="t">Régi magyar dal +</subfield>
      <subfield code="g">4.</subfield>
      <subfield code="t">Melodráma +</subfield>
      <subfield code="g">5.</subfield>
      <subfield code="t">Dal a két Hunyadyról +</subfield>
      <subfield code="g">6.</subfield>
      <subfield code="t">Köz-zene +</subfield>
      <subfield code="g">7.</subfield>
      <subfield code="t">Gúnydal +</subfield>
      <subfield code="8">.</subfield>
      <subfield code="t">Melodráma és kurucz toborzó +</subfield>
      <subfield code="g">9.</subfield>
      <subfield code="t">Kettős-dal +</subfield>
      <subfield code="g">10.</subfield>
      <subfield code="t">Ezerév-ünnepi induló</subfield>
    </datafield>
    <datafield tag="695" ind1=" " ind2=" ">
      <subfield code="a">színházi zene</subfield>
      <subfield code="x">daljáték</subfield>
    </datafield>
    <datafield tag="695" ind1=" " ind2=" ">
      <subfield code="a">Színházi zene</subfield>
      <subfield code="x">népszínmű</subfield>
    </datafield>
    <datafield tag="852" ind1=" " ind2=" ">
      <subfield code="a">D1</subfield>
      <subfield code="b">D1/Z</subfield>
      <subfield code="x">bibKLT00213814</subfield>
    </datafield>
    <datafield tag="852" ind1=" " ind2=" ">
      <subfield code="a">B10</subfield>
      <subfield code="b">0801Z</subfield>
      <subfield code="x">bibFSZ874208</subfield>
    </datafield>
    <datafield tag="852" ind1=" " ind2=" ">
      <subfield code="a">SZ4</subfield>
      <subfield code="b">SZ4</subfield>
      <subfield code="x">bibSOK296901</subfield>
    </datafield>
  </record>