
  <record>
    <leader>00364nam  2200133 i 4500</leader>
    <controlfield tag="001">MOKKAS0001489731  </controlfield>
    <controlfield tag="005">20060113192142.0</controlfield>
    <controlfield tag="008">050903s1992    hu            00010 hun d</controlfield>
    <datafield tag="020" ind1=" " ind2=" ">
      <subfield code="a">963-7546-30-8 !</subfield>
    </datafield>
    <datafield tag="035" ind1=" " ind2=" ">
      <subfield code="a">bibVFK00113237</subfield>
    </datafield>
    <datafield tag="040" ind1=" " ind2=" ">
      <subfield code="a">VFMK</subfield>
    </datafield>
    <datafield tag="245" ind1="0" ind2="0">
      <subfield code="a">1000 feladat az elemi matematika köréből /</subfield>
      <subfield code="c">Róka Sándor</subfield>
    </datafield>
    <datafield tag="260" ind1=" " ind2=" ">
      <subfield code="c">1992</subfield>
    </datafield>
    <datafield tag="852" ind1=" " ind2=" ">
      <subfield code="a">SZL1</subfield>
      <subfield code="b">SZL1</subfield>
      <subfield code="x">bibVFK00113237</subfield>
    </datafield>
  </record>