
  <record>
    <leader>00514nam  2200169 i 4500</leader>
    <controlfield tag="001">MOKKAS0003851411  </controlfield>
    <controlfield tag="005">20080609125552.0</controlfield>
    <controlfield tag="008">060217 1992    hu            000 0 hun  </controlfield>
    <datafield tag="020" ind1=" " ind2=" ">
      <subfield code="a">963 7546 30 8</subfield>
    </datafield>
    <datafield tag="035" ind1=" " ind2=" ">
      <subfield code="a">bibJAT00659775</subfield>
    </datafield>
    <datafield tag="040" ind1=" " ind2=" ">
      <subfield code="a">SZTE</subfield>
    </datafield>
    <datafield tag="100" ind1="1" ind2=" ">
      <subfield code="a">Róka Sándor</subfield>
    </datafield>
    <datafield tag="245" ind1="1" ind2="0">
      <subfield code="a">1000 feladat az elemi matematika köréből /</subfield>
      <subfield code="c">Róka Sándor</subfield>
    </datafield>
    <datafield tag="260" ind1=" " ind2=" ">
      <subfield code="a">Szeged :</subfield>
      <subfield code="b">Tipotex,</subfield>
      <subfield code="c">1992</subfield>
    </datafield>
    <datafield tag="300" ind1=" " ind2=" ">
      <subfield code="a">198 p. :</subfield>
      <subfield code="b">ill. ;</subfield>
      <subfield code="c">24 cm</subfield>
    </datafield>
    <datafield tag="650" ind1=" " ind2="7">
      <subfield code="a">Matematika</subfield>
      <subfield code="x">feladatgyűjtemény</subfield>
      <subfield code="2">szte</subfield>
    </datafield>
    <datafield tag="852" ind1=" " ind2=" ">
      <subfield code="a">SZ1</subfield>
      <subfield code="b">SZ1/1</subfield>
      <subfield code="b">SZ1/R3</subfield>
      <subfield code="x">bibJAT00659775</subfield>
    </datafield>
  </record>