
  <record>
    <leader>00369nam  2200133 i 4500</leader>
    <controlfield tag="001">MOKKAS0003851415  </controlfield>
    <controlfield tag="005">20060616105109.0</controlfield>
    <controlfield tag="008">060217 1996    hu            000   hun  </controlfield>
    <datafield tag="035" ind1=" " ind2=" ">
      <subfield code="a">bibJAT00659782</subfield>
    </datafield>
    <datafield tag="040" ind1=" " ind2=" ">
      <subfield code="a">SZTE</subfield>
    </datafield>
    <datafield tag="100" ind1="1" ind2=" ">
      <subfield code="a">Róka Sándor</subfield>
    </datafield>
    <datafield tag="245" ind1="1" ind2="0">
      <subfield code="a">1000 feladat az elemi matematika köréből /</subfield>
      <subfield code="c">Róka Sándor</subfield>
    </datafield>
    <datafield tag="260" ind1=" " ind2=" ">
      <subfield code="a">Szeged,</subfield>
      <subfield code="c">1996</subfield>
    </datafield>
    <datafield tag="852" ind1=" " ind2=" ">
      <subfield code="a">SZ1</subfield>
      <subfield code="b">SZ1</subfield>
      <subfield code="x">bibJAT00659782</subfield>
    </datafield>
  </record>