
  <record>
    <leader>00680cam  2200217 i 4500</leader>
    <controlfield tag="001">MOKKAW0006079180  </controlfield>
    <controlfield tag="005">20080912150021.0</controlfield>
    <controlfield tag="008">080812s2008    hu            00010 hun d</controlfield>
    <datafield tag="020" ind1=" " ind2=" ">
      <subfield code="a">978 963 9769 05 2</subfield>
    </datafield>
    <datafield tag="035" ind1=" " ind2=" ">
      <subfield code="a">248140</subfield>
    </datafield>
    <datafield tag="040" ind1=" " ind2=" ">
      <subfield code="a">MEKLM</subfield>
    </datafield>
    <datafield tag="041" ind1="1" ind2=" ">
      <subfield code="a">hun</subfield>
      <subfield code="h">eng</subfield>
    </datafield>
    <datafield tag="100" ind1="1" ind2=" ">
      <subfield code="a">Thomas, Alyss</subfield>
    </datafield>
    <datafield tag="245" ind1="1" ind2="0">
      <subfield code="a">1000 fontos kérdés, amelyet fel kell tenned magadnak hogy az élet neked dolgozzon /</subfield>
      <subfield code="c">Alyss Thomas</subfield>
    </datafield>
    <datafield tag="260" ind1=" " ind2=" ">
      <subfield code="a">[Bp.] :</subfield>
      <subfield code="b">Illia,</subfield>
      <subfield code="c">2008</subfield>
    </datafield>
    <datafield tag="300" ind1=" " ind2=" ">
      <subfield code="a">254 p. ;</subfield>
      <subfield code="c">24 cm</subfield>
    </datafield>
    <datafield tag="504" ind1=" " ind2=" ">
      <subfield code="a">Bibliogr. a mű végén</subfield>
    </datafield>
    <datafield tag="650" ind1="0" ind2="4">
      <subfield code="a">önismeret</subfield>
      <subfield code="x">tesztek</subfield>
    </datafield>
    <datafield tag="650" ind1="0" ind2="4">
      <subfield code="a">életvitel</subfield>
      <subfield code="x">tesztek</subfield>
    </datafield>
    <datafield tag="730" ind1="4" ind2=" ">
      <subfield code="a">The 1000 most important questions you will ever ask yourself</subfield>
    </datafield>
    <datafield tag="852" ind1=" " ind2=" ">
      <subfield code="a">M1</subfield>
      <subfield code="b">M1</subfield>
      <subfield code="x">248140</subfield>
    </datafield>
  </record>