
  <record>
    <leader>00717nam  2200217 i 4500</leader>
    <controlfield tag="001">MOKKAS0001264431  </controlfield>
    <controlfield tag="005">20060112181007.0</controlfield>
    <controlfield tag="008">      s1996    hu            00010 ger d</controlfield>
    <datafield tag="020" ind1=" " ind2=" ">
      <subfield code="a">963-7693-01-7 [!ISBN 963-7693-76-9] (fűzött) :</subfield>
      <subfield code="c">595,- Ft</subfield>
    </datafield>
    <datafield tag="035" ind1=" " ind2=" ">
      <subfield code="a">bibRFK00038357</subfield>
    </datafield>
    <datafield tag="040" ind1=" " ind2=" ">
      <subfield code="a">RFMK</subfield>
    </datafield>
    <datafield tag="041" ind1=" " ind2=" ">
      <subfield code="a">gerhun</subfield>
    </datafield>
    <datafield tag="100" ind1="1" ind2=" ">
      <subfield code="a">Babári Ernő</subfield>
    </datafield>
    <datafield tag="245" ind1="1" ind2="0">
      <subfield code="a">1000 Fragen 1000 Antworten :</subfield>
      <subfield code="b">társalgási gyakorlatok a német "A" típusú nyelvvizsgákra /</subfield>
      <subfield code="c">Babári Ernő, Babári Ernőné</subfield>
    </datafield>
    <datafield tag="260" ind1=" " ind2=" ">
      <subfield code="a">[Székesfehérvár] :</subfield>
      <subfield code="b">Lexika Tankönyvkiadó,</subfield>
      <subfield code="c">[1996]</subfield>
    </datafield>
    <datafield tag="300" ind1=" " ind2=" ">
      <subfield code="a">205 p. ;</subfield>
      <subfield code="c">26 cm</subfield>
    </datafield>
    <datafield tag="500" ind1=" " ind2=" ">
      <subfield code="a">rk</subfield>
      <subfield code="a">k</subfield>
    </datafield>
    <datafield tag="650" ind1=" " ind2="4">
      <subfield code="a">német nyelv</subfield>
    </datafield>
    <datafield tag="650" ind1=" " ind2="4">
      <subfield code="a">nyelvvizsga</subfield>
    </datafield>
    <datafield tag="700" ind1="1" ind2=" ">
      <subfield code="a">Babári Ernőné</subfield>
    </datafield>
    <datafield tag="852" ind1=" " ind2=" ">
      <subfield code="a">M2</subfield>
      <subfield code="b">M2</subfield>
      <subfield code="x">bibRFK00038357</subfield>
    </datafield>
  </record>