
  <record>
    <leader>00610cam  2200193   4500</leader>
    <controlfield tag="001">MOKKAZ0004789262  </controlfield>
    <controlfield tag="005">20040910103012.0</controlfield>
    <controlfield tag="008">      s19]9                        ger  </controlfield>
    <datafield tag="020" ind1=" " ind2=" ">
      <subfield code="a">963 7693 01 7 :</subfield>
    </datafield>
    <datafield tag="035" ind1=" " ind2=" ">
      <subfield code="a">bibJPT0032722</subfield>
    </datafield>
    <datafield tag="040" ind1=" " ind2=" ">
      <subfield code="a">PTE</subfield>
    </datafield>
    <datafield tag="041" ind1=" " ind2=" ">
      <subfield code="a">gerhun</subfield>
    </datafield>
    <datafield tag="100" ind1="1" ind2=" ">
      <subfield code="a">szerzők Babári Ernőné, Babári Ernő</subfield>
    </datafield>
    <datafield tag="245" ind1="1" ind2="0">
      <subfield code="a">1000 Fragen 1000 Antworten /</subfield>
      <subfield code="c">[szerzők Babári Ernőné, Babári Ernő]</subfield>
    </datafield>
    <datafield tag="260" ind1=" " ind2=" ">
      <subfield code="a">Székesfehérvár :</subfield>
      <subfield code="b">Lexika,</subfield>
      <subfield code="c">[19]96</subfield>
    </datafield>
    <datafield tag="300" ind1=" " ind2=" ">
      <subfield code="a">205, [2] p. ;</subfield>
      <subfield code="c">26 cm</subfield>
    </datafield>
    <datafield tag="695" ind1=" " ind2=" ">
      <subfield code="a">Német nyelvkönyv, társalgás</subfield>
    </datafield>
    <datafield tag="695" ind1=" " ind2=" ">
      <subfield code="a">Nyelvvizsga anyag, német</subfield>
    </datafield>
    <datafield tag="852" ind1=" " ind2=" ">
      <subfield code="a">P1</subfield>
      <subfield code="b">P1</subfield>
      <subfield code="x">bibJPT0032722</subfield>
    </datafield>
  </record>