
  <record>
    <leader>01289nam  2200349 i 4500</leader>
    <controlfield tag="001">MOKKAS0003847136  </controlfield>
    <controlfield tag="005">20100603092342.0</controlfield>
    <controlfield tag="008">971006s2005    hu            00000 hun e</controlfield>
    <datafield tag="020" ind1=" " ind2=" ">
      <subfield code="a">963 9357 51 0</subfield>
    </datafield>
    <datafield tag="035" ind1=" " ind2=" ">
      <subfield code="a">bibSOK357742</subfield>
    </datafield>
    <datafield tag="040" ind1=" " ind2=" ">
      <subfield code="a">SZTE</subfield>
    </datafield>
    <datafield tag="041" ind1=" " ind2=" ">
      <subfield code="a">gerhun</subfield>
    </datafield>
    <datafield tag="080" ind1=" " ind2=" ">
      <subfield code="a">803.0(079.1)</subfield>
    </datafield>
    <datafield tag="080" ind1=" " ind2=" ">
      <subfield code="a">803.0=945.11(079.1)</subfield>
    </datafield>
    <datafield tag="100" ind1="1" ind2=" ">
      <subfield code="a">Babári Ernő</subfield>
    </datafield>
    <datafield tag="245" ind1="1" ind2="0">
      <subfield code="a">1000 Fragen - 1000 Antworten :</subfield>
      <subfield code="b">német felsőfok : [társalgási gyakorlatok a német felsőfokú nyelvvizsgákra és emelt szintű szóbeli érettségire] /</subfield>
      <subfield code="c">Babári Ernő, Babári Ernőné</subfield>
    </datafield>
    <datafield tag="246" ind1="1" ind2="8">
      <subfield code="a">1000 kérdés 1000 felelet</subfield>
    </datafield>
    <datafield tag="260" ind1=" " ind2=" ">
      <subfield code="a">Székesfehérvár :</subfield>
      <subfield code="b">Lexika,</subfield>
      <subfield code="c">2005</subfield>
    </datafield>
    <datafield tag="300" ind1=" " ind2=" ">
      <subfield code="a">331 p. ;</subfield>
      <subfield code="c">21 cm</subfield>
    </datafield>
    <datafield tag="650" ind1=" " ind2="7">
      <subfield code="a">Német nyelvkönyv</subfield>
      <subfield code="x">haladó</subfield>
      <subfield code="x">gyakorlatok</subfield>
      <subfield code="2">szte</subfield>
    </datafield>
    <datafield tag="650" ind1=" " ind2="7">
      <subfield code="a">Érettségi vizsgaanyag</subfield>
      <subfield code="x">német</subfield>
      <subfield code="2">szte</subfield>
    </datafield>
    <datafield tag="650" ind1=" " ind2="7">
      <subfield code="a">Nyelvvizsga</subfield>
      <subfield code="x">német</subfield>
      <subfield code="x">felsőfokú</subfield>
      <subfield code="x">gyakorlatok</subfield>
      <subfield code="2">szte</subfield>
    </datafield>
    <datafield tag="650" ind1=" " ind2="7">
      <subfield code="a">Német nyelvkönyv</subfield>
      <subfield code="x">társalgási gyakorlatok</subfield>
      <subfield code="2">szte</subfield>
    </datafield>
    <datafield tag="650" ind1=" " ind2="4">
      <subfield code="a">német nyelv</subfield>
    </datafield>
    <datafield tag="650" ind1=" " ind2="4">
      <subfield code="a">nyelvkönyvek</subfield>
    </datafield>
    <datafield tag="650" ind1=" " ind2="4">
      <subfield code="a">érettségi feladatok</subfield>
    </datafield>
    <datafield tag="695" ind1=" " ind2=" ">
      <subfield code="a">Német nyelvkönyv, feladatok</subfield>
    </datafield>
    <datafield tag="700" ind1="1" ind2=" ">
      <subfield code="a">Babári Ernőné</subfield>
    </datafield>
    <datafield tag="852" ind1=" " ind2=" ">
      <subfield code="a">SZ1</subfield>
      <subfield code="b">SZ1</subfield>
      <subfield code="b">SZ1/B3</subfield>
      <subfield code="x">bibSOK357742</subfield>
    </datafield>
    <datafield tag="852" ind1=" " ind2=" ">
      <subfield code="a">SZ4</subfield>
      <subfield code="b">SZ4</subfield>
      <subfield code="x">bibSOK357742</subfield>
    </datafield>
    <datafield tag="852" ind1=" " ind2=" ">
      <subfield code="a">P1</subfield>
      <subfield code="b">P1/SZ</subfield>
      <subfield code="b">P1/BFR</subfield>
      <subfield code="b">P1/2S</subfield>
      <subfield code="b">P1/2T</subfield>
      <subfield code="x">bibPTE00513648</subfield>
    </datafield>
    <datafield tag="852" ind1=" " ind2=" ">
      <subfield code="a">M2</subfield>
      <subfield code="b">M2</subfield>
      <subfield code="x">MOKKAS0003847136</subfield>
    </datafield>
  </record>