
  <record>
    <leader>00946nam  2200253 i 4500</leader>
    <controlfield tag="001">MOKKAS0003847148  </controlfield>
    <controlfield tag="005">20060616095600.0</controlfield>
    <controlfield tag="008">021002s2004    hu       b    000   ger d</controlfield>
    <datafield tag="020" ind1=" " ind2=" ">
      <subfield code="a">963 9357 46 4</subfield>
    </datafield>
    <datafield tag="035" ind1=" " ind2=" ">
      <subfield code="a">bibFSZ1093096</subfield>
    </datafield>
    <datafield tag="040" ind1=" " ind2=" ">
      <subfield code="a">SZTE</subfield>
    </datafield>
    <datafield tag="041" ind1=" " ind2=" ">
      <subfield code="a">gerhun</subfield>
    </datafield>
    <datafield tag="100" ind1="1" ind2=" ">
      <subfield code="a">Viczena Andrea</subfield>
    </datafield>
    <datafield tag="240" ind1="1" ind2="0">
      <subfield code="a">1000 questions, 1000 answers</subfield>
      <subfield code="l">(német)</subfield>
    </datafield>
    <datafield tag="245" ind1="1" ind2="0">
      <subfield code="a">1000 Fragen - 1000 Antworten :</subfield>
      <subfield code="b">Wirtschaftsdeutsch : [társalgási gyakorlatok a német üzleti középfokú nyelvvizsgákra] /</subfield>
      <subfield code="c">[szerzők:] Viczena Andrea, Szőke Andrea, Molnár Judit ; [ford., adapt.] Rudolf Radenhausen</subfield>
    </datafield>
    <datafield tag="260" ind1=" " ind2=" ">
      <subfield code="a">Székesfehérvár :</subfield>
      <subfield code="b">Lexika,</subfield>
      <subfield code="c">2004</subfield>
    </datafield>
    <datafield tag="300" ind1=" " ind2=" ">
      <subfield code="a">279 p. ;</subfield>
      <subfield code="c">20 cm</subfield>
    </datafield>
    <datafield tag="504" ind1=" " ind2=" ">
      <subfield code="a">Bibliogr.: p. 279.</subfield>
    </datafield>
    <datafield tag="650" ind1=" " ind2="7">
      <subfield code="a">Német nyelvkönyv</subfield>
      <subfield code="x">társalgási gyakorlatok</subfield>
      <subfield code="2">szte</subfield>
    </datafield>
    <datafield tag="650" ind1=" " ind2="7">
      <subfield code="a">Üzleti nyelv</subfield>
      <subfield code="x">német</subfield>
      <subfield code="x">gyakorlatok</subfield>
      <subfield code="2">szte</subfield>
    </datafield>
    <datafield tag="700" ind1="1" ind2=" ">
      <subfield code="a">Szőke Andrea</subfield>
    </datafield>
    <datafield tag="700" ind1="1" ind2=" ">
      <subfield code="a">Molnár Judit</subfield>
    </datafield>
    <datafield tag="700" ind1="1" ind2=" ">
      <subfield code="a">Radenhausen, Rudolf</subfield>
    </datafield>
    <datafield tag="852" ind1=" " ind2=" ">
      <subfield code="a">SZ1</subfield>
      <subfield code="b">SZ1</subfield>
      <subfield code="x">bibFSZ1093096</subfield>
    </datafield>
  </record>