
  <record>
    <leader>00983nmm  2200289   4500</leader>
    <controlfield tag="001">MOKKAZ0004758549  </controlfield>
    <controlfield tag="005">20070404200139.0</controlfield>
    <controlfield tag="006">m                 </controlfield>
    <controlfield tag="008">021122s2002                        ger d</controlfield>
    <datafield tag="020" ind1=" " ind2=" ">
      <subfield code="a">3-932544-93-5</subfield>
    </datafield>
    <datafield tag="035" ind1=" " ind2=" ">
      <subfield code="a">bibFSZ997361</subfield>
    </datafield>
    <datafield tag="040" ind1=" " ind2=" ">
      <subfield code="a">FSZEK</subfield>
    </datafield>
    <datafield tag="245" ind1="0" ind2="0">
      <subfield code="a">1000 Gedichte, die jeder haben muss</subfield>
      <subfield code="h">[Elektronikus dokumentum] :</subfield>
      <subfield code="b">Digitale Bibliothek Sonderband</subfield>
    </datafield>
    <datafield tag="256" ind1=" " ind2=" ">
      <subfield code="a">Szöveges adatbázis</subfield>
    </datafield>
    <datafield tag="260" ind1=" " ind2=" ">
      <subfield code="a">Berlin :</subfield>
      <subfield code="b">Directmedia Publishing GmbH,</subfield>
      <subfield code="c">cop. 2002</subfield>
    </datafield>
    <datafield tag="300" ind1=" " ind2=" ">
      <subfield code="a">1 CD-ROM ;</subfield>
      <subfield code="c">12 cm</subfield>
    </datafield>
    <datafield tag="490" ind1="1" ind2=" ">
      <subfield code="a">(Wissen kompakt : klicken, staunen, wissen!)</subfield>
    </datafield>
    <datafield tag="538" ind1=" " ind2=" ">
      <subfield code="a">Működési követelmények: IBM PC 486; 16 MB RAM; CD-ROM olvasó; grafikuskártya (640x480, 256 szín); Windows 95/98/ME/NT/2000/XP</subfield>
    </datafield>
    <datafield tag="695" ind1=" " ind2="1">
      <subfield code="a">német irodalom</subfield>
    </datafield>
    <datafield tag="695" ind1=" " ind2="1">
      <subfield code="a">antológia</subfield>
    </datafield>
    <datafield tag="695" ind1=" " ind2="1">
      <subfield code="a">versek</subfield>
    </datafield>
    <datafield tag="695" ind1=" " ind2="1">
      <subfield code="a">lírai költemények</subfield>
    </datafield>
    <datafield tag="695" ind1=" " ind2="1">
      <subfield code="a">életrajz</subfield>
    </datafield>
    <datafield tag="695" ind1=" " ind2="1">
      <subfield code="a">vers</subfield>
    </datafield>
    <datafield tag="695" ind1=" " ind2="1">
      <subfield code="a">lírai költemény</subfield>
    </datafield>
    <datafield tag="830" ind1=" " ind2="0">
      <subfield code="a">Wissen kompakt</subfield>
    </datafield>
    <datafield tag="852" ind1=" " ind2=" ">
      <subfield code="a">B10</subfield>
      <subfield code="b">B10</subfield>
      <subfield code="x">bibFSZ997361</subfield>
    </datafield>
  </record>