
  <record>
    <leader>00484nama 22001571i 4500</leader>
    <controlfield tag="001">MOKKAS0000717735  </controlfield>
    <controlfield tag="005">20060616220445.0</controlfield>
    <controlfield tag="008">041105s1981    bg            000 0 bulod</controlfield>
    <datafield tag="035" ind1=" " ind2=" ">
      <subfield code="a">1476806</subfield>
    </datafield>
    <datafield tag="040" ind1=" " ind2=" ">
      <subfield code="a">OSZK</subfield>
    </datafield>
    <datafield tag="041" ind1="0" ind2=" ">
      <subfield code="a">bulbul</subfield>
    </datafield>
    <datafield tag="100" ind1="1" ind2=" ">
      <subfield code="a">Džurova, Aksiniâ</subfield>
    </datafield>
    <datafield tag="245" ind1="1" ind2="0">
      <subfield code="a">1000 godini bålgarska råkopisna kniga : </subfield>
      <subfield code="b">ornament i miniatûra /</subfield>
      <subfield code="c">Aksiniâ Džurova</subfield>
    </datafield>
    <datafield tag="260" ind1=" " ind2=" ">
      <subfield code="a">Sofiâ :</subfield>
      <subfield code="b">Izd. Septemvri,</subfield>
      <subfield code="c">1981</subfield>
    </datafield>
    <datafield tag="300" ind1=" " ind2=" ">
      <subfield code="a">142 p., 132 t., 35 fol., 1 térk. ;</subfield>
      <subfield code="c">34 cm</subfield>
    </datafield>
    <datafield tag="852" ind1=" " ind2=" ">
      <subfield code="a">B1</subfield>
      <subfield code="b">B1</subfield>
      <subfield code="x">1476806</subfield>
    </datafield>
  </record>