
  <record>
    <leader>00402nam  2200157 i 4500</leader>
    <controlfield tag="001">MOKKAS0003539570  </controlfield>
    <controlfield tag="005">20060606050838.0</controlfield>
    <controlfield tag="008">050714s1981                            d</controlfield>
    <datafield tag="035" ind1=" " ind2=" ">
      <subfield code="a">655880</subfield>
    </datafield>
    <datafield tag="040" ind1=" " ind2=" ">
      <subfield code="a">OIK</subfield>
    </datafield>
    <datafield tag="100" ind1="1" ind2=" ">
      <subfield code="a">Džurova, Aksiniâ</subfield>
    </datafield>
    <datafield tag="245" ind1="1" ind2="0">
      <subfield code="a">1000 godini bălgarska răkopisna kniga</subfield>
    </datafield>
    <datafield tag="260" ind1=" " ind2=" ">
      <subfield code="a">Sofiâ :</subfield>
      <subfield code="b">Septemvri,</subfield>
      <subfield code="c">1981</subfield>
    </datafield>
    <datafield tag="300" ind1=" " ind2=" ">
      <subfield code="a">142 p.</subfield>
    </datafield>
    <datafield tag="500" ind1=" " ind2=" ">
      <subfield code="a">Cirill betűs</subfield>
    </datafield>
    <datafield tag="852" ind1=" " ind2=" ">
      <subfield code="a">B14</subfield>
      <subfield code="b">B14</subfield>
      <subfield code="x">655880</subfield>
    </datafield>
  </record>