
  <record>
    <leader>00648nam  2200193 i 4500</leader>
    <controlfield tag="001">MOKKAS0003342139  </controlfield>
    <controlfield tag="005">20090929125912.0</controlfield>
    <controlfield tag="008">050101s1905                            d</controlfield>
    <datafield tag="035" ind1=" " ind2=" ">
      <subfield code="a">534005</subfield>
    </datafield>
    <datafield tag="040" ind1=" " ind2=" ">
      <subfield code="a">KKMK</subfield>
    </datafield>
    <datafield tag="080" ind1=" " ind2=" ">
      <subfield code="a">31(082)</subfield>
    </datafield>
    <datafield tag="100" ind1="1" ind2=" ">
      <subfield code="a">Littomericzky János</subfield>
    </datafield>
    <datafield tag="245" ind1="1" ind2="0">
      <subfield code="a">1000 gondolat a nevelés és tanítás köréből /</subfield>
      <subfield code="c">összeáll. Littomericzky János ; kiad. Győrvidéki Tanítóegyesület</subfield>
    </datafield>
    <datafield tag="260" ind1=" " ind2=" ">
      <subfield code="a">Győr :</subfield>
      <subfield code="b">Heckenast György Nyomda,</subfield>
      <subfield code="c">1905</subfield>
    </datafield>
    <datafield tag="300" ind1=" " ind2=" ">
      <subfield code="a">113 p. ;</subfield>
      <subfield code="c">23 cm</subfield>
    </datafield>
    <datafield tag="695" ind1=" " ind2=" ">
      <subfield code="a">neveléstörténet</subfield>
    </datafield>
    <datafield tag="710" ind1="2" ind2="0">
      <subfield code="a">Győrvidéki Tanítóegyesület (Győr)</subfield>
      <subfield code="4">kiad.</subfield>
    </datafield>
    <datafield tag="852" ind1=" " ind2=" ">
      <subfield code="a">GY1</subfield>
      <subfield code="b">GY1</subfield>
      <subfield code="x">534005</subfield>
    </datafield>
    <datafield tag="852" ind1=" " ind2=" ">
      <subfield code="a">S1</subfield>
      <subfield code="b">S48</subfield>
      <subfield code="x">MOKKAS0003342139</subfield>
    </datafield>
  </record>