
  <record>
    <leader>00995nam  2200265 i 4500</leader>
    <controlfield tag="001">MOKKAN0004075658  </controlfield>
    <controlfield tag="005">20090505174945.0</controlfield>
    <controlfield tag="008">060919c20062006hu ao         00100 hun d</controlfield>
    <datafield tag="020" ind1=" " ind2=" ">
      <subfield code="a">963-9534-41-2 (fűzött)</subfield>
    </datafield>
    <datafield tag="020" ind1=" " ind2=" ">
      <subfield code="a">963 9534 41 2</subfield>
    </datafield>
    <datafield tag="035" ind1=" " ind2=" ">
      <subfield code="a">000002625498</subfield>
    </datafield>
    <datafield tag="040" ind1=" " ind2=" ">
      <subfield code="a">DEENK</subfield>
    </datafield>
    <datafield tag="041" ind1="1" ind2=" ">
      <subfield code="a">hun</subfield>
      <subfield code="h">eng</subfield>
    </datafield>
    <datafield tag="130" ind1="0" ind2="0">
      <subfield code="a">1000 graphic elements</subfield>
      <subfield code="l">(magyar)</subfield>
    </datafield>
    <datafield tag="245" ind1="1" ind2="0">
      <subfield code="a">1000 grafikai ötlet :</subfield>
      <subfield code="b">nyitott szemmel a részletekre /</subfield>
      <subfield code="c">[a könyvet tervezte] Wilson Harvey, London ; [ford. ... Herhoff Katalin, Kovács Balázs]</subfield>
    </datafield>
    <datafield tag="260" ind1=" " ind2=" ">
      <subfield code="a">Budapest :</subfield>
      <subfield code="b">Scolar,</subfield>
      <subfield code="c">2006, cop. 2006</subfield>
    </datafield>
    <datafield tag="300" ind1=" " ind2=" ">
      <subfield code="a">307, [13] p. :</subfield>
      <subfield code="b">ill., főként színes ;</subfield>
      <subfield code="c">24x24 cm</subfield>
    </datafield>
    <datafield tag="650" ind1=" " ind2="4">
      <subfield code="a">Grafikai tervezés (tipográfia)</subfield>
    </datafield>
    <datafield tag="650" ind1=" " ind2="0">
      <subfield code="a">Graphic design (Typography).</subfield>
    </datafield>
    <datafield tag="650" ind1=" " ind2="7">
      <subfield code="a">Grafika</subfield>
      <subfield code="y">2000-es évek</subfield>
      <subfield code="x">képeskönyv</subfield>
      <subfield code="2">szte</subfield>
    </datafield>
    <datafield tag="700" ind1="1" ind2=" ">
      <subfield code="a">Herhoff Katalin</subfield>
      <subfield code="4">ford.</subfield>
    </datafield>
    <datafield tag="700" ind1="1" ind2=" ">
      <subfield code="a">Kovács Balázs</subfield>
      <subfield code="4">ford.</subfield>
    </datafield>
    <datafield tag="710" ind1="2" ind2=" ">
      <subfield code="a">Wilson Harvey (London)</subfield>
      <subfield code="4">közrem.</subfield>
    </datafield>
    <datafield tag="852" ind1=" " ind2=" ">
      <subfield code="a">SZ1</subfield>
      <subfield code="b">SZ1/S1</subfield>
      <subfield code="x">bibSOK00397343</subfield>
    </datafield>
    <datafield tag="852" ind1=" " ind2=" ">
      <subfield code="a">B10</subfield>
      <subfield code="b">B10</subfield>
      <subfield code="b">1803</subfield>
      <subfield code="b">0801</subfield>
      <subfield code="x">bibFSZ1291460</subfield>
    </datafield>
  </record>