
  <record>
    <leader>00791nam  2200241   4500</leader>
    <controlfield tag="001">MOKKAZ0004689840  </controlfield>
    <controlfield tag="005">20040910092726.0</controlfield>
    <controlfield tag="008">000211s1984                        eng d</controlfield>
    <datafield tag="020" ind1=" " ind2=" ">
      <subfield code="a">0-600-30822-7 (kötött)</subfield>
    </datafield>
    <datafield tag="035" ind1=" " ind2=" ">
      <subfield code="a">bibFSZ707983</subfield>
    </datafield>
    <datafield tag="040" ind1=" " ind2=" ">
      <subfield code="a">FSZEK</subfield>
    </datafield>
    <datafield tag="041" ind1=" " ind2=" ">
      <subfield code="a">eng</subfield>
    </datafield>
    <datafield tag="245" ind1="0" ind2="0">
      <subfield code="a">1000 great events /</subfield>
      <subfield code="c">ed. by Lynne Sabel and Philip Steele ; [... ill. by Mike Codd et al.]</subfield>
    </datafield>
    <datafield tag="250" ind1=" " ind2=" ">
      <subfield code="a">New rev. ed.</subfield>
    </datafield>
    <datafield tag="260" ind1=" " ind2=" ">
      <subfield code="a">London [etc.] :</subfield>
      <subfield code="b">Hamlyn,</subfield>
      <subfield code="c">1984</subfield>
    </datafield>
    <datafield tag="300" ind1=" " ind2=" ">
      <subfield code="a">352 p. :</subfield>
      <subfield code="b">ill. ;</subfield>
      <subfield code="c">25 cm</subfield>
    </datafield>
    <datafield tag="650" ind1=" " ind2="4">
      <subfield code="a">történelmi események - kronológia</subfield>
    </datafield>
    <datafield tag="680" ind1=" " ind2="0">
      <subfield code="a">kronológia formájában</subfield>
      <subfield code="a">Illusztráció</subfield>
      <subfield code="a">történelem</subfield>
    </datafield>
    <datafield tag="700" ind1="1" ind2=" ">
      <subfield code="a">Sabel, Lynne</subfield>
      <subfield code="4">szerk.</subfield>
    </datafield>
    <datafield tag="700" ind1="1" ind2=" ">
      <subfield code="a">Steele, Philip</subfield>
      <subfield code="4">szerk.</subfield>
    </datafield>
    <datafield tag="700" ind1="1" ind2=" ">
      <subfield code="a">Codd, Mike</subfield>
      <subfield code="4">ill.</subfield>
    </datafield>
    <datafield tag="852" ind1=" " ind2=" ">
      <subfield code="a">B10</subfield>
      <subfield code="b">1004</subfield>
      <subfield code="x">bibFSZ707983</subfield>
    </datafield>
    <datafield tag="852" ind1=" " ind2=" ">
      <subfield code="a">BCS1</subfield>
      <subfield code="b">BCS1</subfield>
      <subfield code="x">bibBKO00227298</subfield>
    </datafield>
  </record>