
  <record>
    <leader>00528nama 22001811i 4500</leader>
    <controlfield tag="001">MOKKAS0000695399  </controlfield>
    <controlfield tag="005">20060616201439.0</controlfield>
    <controlfield tag="008">041105s1984    xx            000 0 engod</controlfield>
    <datafield tag="035" ind1=" " ind2=" ">
      <subfield code="a">1454348</subfield>
    </datafield>
    <datafield tag="040" ind1=" " ind2=" ">
      <subfield code="a">OSZK</subfield>
    </datafield>
    <datafield tag="041" ind1="0" ind2=" ">
      <subfield code="a">engeng</subfield>
    </datafield>
    <datafield tag="245" ind1="0" ind2="0">
      <subfield code="a">1000 great events /</subfield>
      <subfield code="c">ed. by Lynne Sabel, Philip Steele</subfield>
    </datafield>
    <datafield tag="250" ind1=" " ind2=" ">
      <subfield code="a">Rev. ed.</subfield>
    </datafield>
    <datafield tag="260" ind1=" " ind2=" ">
      <subfield code="a">Feltham :</subfield>
      <subfield code="b">Hamlyn,</subfield>
      <subfield code="c">1984</subfield>
    </datafield>
    <datafield tag="300" ind1=" " ind2=" ">
      <subfield code="a">352 p. :</subfield>
      <subfield code="b">ill. ;</subfield>
      <subfield code="c">25 cm</subfield>
    </datafield>
    <datafield tag="700" ind1="1" ind2=" ">
      <subfield code="a">Steele, Paul</subfield>
      <subfield code="4">(közrem.)</subfield>
    </datafield>
    <datafield tag="700" ind1="1" ind2=" ">
      <subfield code="a">Sabel, Lynne</subfield>
      <subfield code="c">(cédulakatalógus alapján)</subfield>
      <subfield code="4">(közrem.)</subfield>
    </datafield>
    <datafield tag="852" ind1=" " ind2=" ">
      <subfield code="a">B1</subfield>
      <subfield code="b">B1</subfield>
      <subfield code="x">1454348</subfield>
    </datafield>
  </record>