
  <record>
    <leader>00909nam  2200265 i 4500</leader>
    <controlfield tag="001">MOKKAW0006068297  </controlfield>
    <controlfield tag="005">20080911103759.0</controlfield>
    <controlfield tag="008">080905s2008    hu ar         00100 hun d</controlfield>
    <datafield tag="020" ind1=" " ind2=" ">
      <subfield code="a">978-963-370-565-0 (kötött)</subfield>
    </datafield>
    <datafield tag="035" ind1=" " ind2=" ">
      <subfield code="a">bibDEK00700091</subfield>
    </datafield>
    <datafield tag="040" ind1=" " ind2=" ">
      <subfield code="a">DEENK</subfield>
    </datafield>
    <datafield tag="041" ind1="1" ind2=" ">
      <subfield code="a">hun</subfield>
      <subfield code="h">ger</subfield>
    </datafield>
    <datafield tag="050" ind1=" " ind2=" ">
      <subfield code="a">QK99.A1</subfield>
    </datafield>
    <datafield tag="100" ind1="1" ind2=" ">
      <subfield code="a">Kothe, Hans W.</subfield>
    </datafield>
    <datafield tag="240" ind1="1" ind2="0">
      <subfield code="a">1000 Kräuter</subfield>
      <subfield code="l">(magyar)</subfield>
    </datafield>
    <datafield tag="245" ind1="1" ind2="0">
      <subfield code="a">1000 gyógynövény :</subfield>
      <subfield code="b">[gyógynövények A-tól Z-ig, felhasználási módok, hatóanyagok] /</subfield>
      <subfield code="c">Hans W. Kothe ; [ford. Mátics Róbert]</subfield>
    </datafield>
    <datafield tag="260" ind1=" " ind2=" ">
      <subfield code="a">Pécs :</subfield>
      <subfield code="b">Alexandra,</subfield>
      <subfield code="c">2008</subfield>
    </datafield>
    <datafield tag="300" ind1=" " ind2=" ">
      <subfield code="a">336 p. :</subfield>
      <subfield code="b">ill., színes ;</subfield>
      <subfield code="c">31 cm</subfield>
    </datafield>
    <datafield tag="500" ind1=" " ind2=" ">
      <subfield code="a">Index: p. 328-336</subfield>
    </datafield>
    <datafield tag="650" ind1=" " ind2="4">
      <subfield code="a">Gyógyító növények</subfield>
      <subfield code="x">enciklopédiák</subfield>
    </datafield>
    <datafield tag="650" ind1=" " ind2="4">
      <subfield code="a">Gyógynövények</subfield>
      <subfield code="x">enciklopédiák</subfield>
    </datafield>
    <datafield tag="650" ind1=" " ind2="0">
      <subfield code="a">Medicinal plants</subfield>
      <subfield code="x">Encyclopedias.</subfield>
    </datafield>
    <datafield tag="650" ind1=" " ind2="0">
      <subfield code="a">Herbs</subfield>
      <subfield code="x">Encyclopedias.</subfield>
    </datafield>
    <datafield tag="700" ind1="1" ind2=" ">
      <subfield code="a">Mátics Róbert</subfield>
      <subfield code="4">(ford.)</subfield>
    </datafield>
    <datafield tag="852" ind1=" " ind2=" ">
      <subfield code="a">D1</subfield>
      <subfield code="b">D2/PB</subfield>
      <subfield code="x">bibDEK00700091</subfield>
    </datafield>
  </record>