
  <record>
    <leader>01035nam  2200325 i 4500</leader>
    <controlfield tag="001">MOKKAN0004019597  </controlfield>
    <controlfield tag="005">20091201183504.0</controlfield>
    <controlfield tag="008">061113s2006    hu ar         00100 hun d</controlfield>
    <datafield tag="020" ind1=" " ind2=" ">
      <subfield code="a">963-369-848-0 (kötött)</subfield>
    </datafield>
    <datafield tag="035" ind1=" " ind2=" ">
      <subfield code="a">bibDEK00606681</subfield>
    </datafield>
    <datafield tag="040" ind1=" " ind2=" ">
      <subfield code="a">DEENK</subfield>
    </datafield>
    <datafield tag="041" ind1="1" ind2=" ">
      <subfield code="a">hun</subfield>
      <subfield code="h">ger</subfield>
    </datafield>
    <datafield tag="050" ind1=" " ind2=" ">
      <subfield code="a">QL615</subfield>
    </datafield>
    <datafield tag="080" ind1=" " ind2="0">
      <subfield code="a">597(083.71)</subfield>
    </datafield>
    <datafield tag="080" ind1=" " ind2="0">
      <subfield code="a">599.5(083.71)</subfield>
    </datafield>
    <datafield tag="100" ind1="1" ind2=" ">
      <subfield code="a">Vilcinskas, Andreas</subfield>
    </datafield>
    <datafield tag="240" ind1="1" ind2="0">
      <subfield code="a">1000 Fische</subfield>
      <subfield code="l">(magyar)</subfield>
    </datafield>
    <datafield tag="245" ind1="1" ind2="0">
      <subfield code="a">1000 hal</subfield>
    </datafield>
    <datafield tag="246" ind1="1" ind2="4">
      <subfield code="a">1000 hal szórakoztató és szakszerű leírása, továbbá egy fejezet bálnákról és delfinekről</subfield>
    </datafield>
    <datafield tag="260" ind1=" " ind2=" ">
      <subfield code="a">Pécs :</subfield>
      <subfield code="b">Alexandra,</subfield>
      <subfield code="c">2006</subfield>
    </datafield>
    <datafield tag="300" ind1=" " ind2=" ">
      <subfield code="a">384 p. :</subfield>
      <subfield code="b">ill., színes ;</subfield>
      <subfield code="c">31 cm</subfield>
    </datafield>
    <datafield tag="500" ind1=" " ind2=" ">
      <subfield code="a">Szerző Vilcinskas, Andreas</subfield>
    </datafield>
    <datafield tag="500" ind1=" " ind2=" ">
      <subfield code="a">Ford. Forró László</subfield>
    </datafield>
    <datafield tag="650" ind1=" " ind2="4">
      <subfield code="a">Halak</subfield>
      <subfield code="x">meghatározás</subfield>
    </datafield>
    <datafield tag="650" ind1=" " ind2="4">
      <subfield code="a">Halak</subfield>
      <subfield code="x">illusztrált művek</subfield>
    </datafield>
    <datafield tag="650" ind1=" " ind2="0">
      <subfield code="a">Fishes</subfield>
      <subfield code="x">Identification.</subfield>
    </datafield>
    <datafield tag="650" ind1=" " ind2="0">
      <subfield code="a">Fishes</subfield>
      <subfield code="x">Pictorial works.</subfield>
    </datafield>
    <datafield tag="700" ind1="1" ind2=" ">
      <subfield code="a">Forró László</subfield>
      <subfield code="d">(1954-)</subfield>
      <subfield code="4">(ford.)</subfield>
    </datafield>
    <datafield tag="852" ind1=" " ind2=" ">
      <subfield code="a">D1</subfield>
      <subfield code="b">D2/PB</subfield>
      <subfield code="x">bibDEK00606681</subfield>
    </datafield>
    <datafield tag="852" ind1=" " ind2=" ">
      <subfield code="a">B10</subfield>
      <subfield code="b">0801</subfield>
      <subfield code="b">1004</subfield>
      <subfield code="b">2002</subfield>
      <subfield code="x">bibFSZ1304915</subfield>
    </datafield>
  </record>