
  <record>
    <leader>00577nam  22001935p 4500</leader>
    <controlfield tag="001">MOKKAN0004824838  </controlfield>
    <controlfield tag="005">20080725171435.0</controlfield>
    <controlfield tag="008">061213s2006    hu                  hun d</controlfield>
    <datafield tag="020" ind1=" " ind2=" ">
      <subfield code="a">963 9626 76 7</subfield>
    </datafield>
    <datafield tag="035" ind1=" " ind2=" ">
      <subfield code="a">80189</subfield>
    </datafield>
    <datafield tag="040" ind1=" " ind2=" ">
      <subfield code="a">KSHK</subfield>
    </datafield>
    <datafield tag="041" ind1="0" ind2=" ">
      <subfield code="a">hun</subfield>
    </datafield>
    <datafield tag="245" ind1="0" ind2="0">
      <subfield code="a">1000 hasznos tanács masszázshoz : </subfield>
      <subfield code="b">a legjobb technikák a legkülönfélébb masszázsokhoz</subfield>
    </datafield>
    <datafield tag="260" ind1=" " ind2=" ">
      <subfield code="a">Budapest :</subfield>
      <subfield code="b">Napraforgó,</subfield>
      <subfield code="c">[2006]</subfield>
    </datafield>
    <datafield tag="300" ind1=" " ind2=" ">
      <subfield code="a">351 p. :</subfield>
      <subfield code="b">ill. ;</subfield>
      <subfield code="c">27 cm</subfield>
    </datafield>
    <datafield tag="504" ind1=" " ind2=" ">
      <subfield code="a">Bibliogr.: p. 327-330.</subfield>
    </datafield>
    <datafield tag="653" ind1=" " ind2=" ">
      <subfield code="a">egészségi állapot</subfield>
    </datafield>
    <datafield tag="653" ind1=" " ind2=" ">
      <subfield code="a">természetgyógyászat</subfield>
    </datafield>
    <datafield tag="852" ind1=" " ind2=" ">
      <subfield code="a">B9</subfield>
      <subfield code="b">B9</subfield>
      <subfield code="x">80189</subfield>
    </datafield>
  </record>