
  <record>
    <leader>00411cam  22001337  4500</leader>
    <controlfield tag="001">MOKKAZ0004448950  </controlfield>
    <controlfield tag="005">20040910071817.0</controlfield>
    <controlfield tag="008">      s1926                        und d</controlfield>
    <datafield tag="035" ind1=" " ind2=" ">
      <subfield code="a">bibFSZ00295063</subfield>
    </datafield>
    <datafield tag="040" ind1=" " ind2=" ">
      <subfield code="a">FSZEK</subfield>
    </datafield>
    <datafield tag="245" ind1="0" ind2="0">
      <subfield code="a">1000 Ideen zur künstlerischen Ausgestaltung der Wohnung /</subfield>
      <subfield code="c">hrsg. Alexander Koch</subfield>
    </datafield>
    <datafield tag="260" ind1=" " ind2=" ">
      <subfield code="a">[S.l.] :</subfield>
      <subfield code="b">[S.n.],</subfield>
      <subfield code="c">1926</subfield>
    </datafield>
    <datafield tag="700" ind1="1" ind2=" ">
      <subfield code="a">Koch, Alexander</subfield>
      <subfield code="4">szerk.</subfield>
    </datafield>
    <datafield tag="852" ind1=" " ind2=" ">
      <subfield code="a">B10</subfield>
      <subfield code="b">0801</subfield>
      <subfield code="x">bibFSZ00295063</subfield>
    </datafield>
  </record>