
  <record>
    <leader>00350cam  22001217  4500</leader>
    <controlfield tag="001">MOKKAZ0004485241  </controlfield>
    <controlfield tag="005">20040910073647.0</controlfield>
    <controlfield tag="008">      s1936                        und d</controlfield>
    <datafield tag="035" ind1=" " ind2=" ">
      <subfield code="a">bibFSZ00331432</subfield>
    </datafield>
    <datafield tag="040" ind1=" " ind2=" ">
      <subfield code="a">FSZEK</subfield>
    </datafield>
    <datafield tag="245" ind1="0" ind2="0">
      <subfield code="a">1000 idiomatische englische Redensarten /</subfield>
      <subfield code="c">Raginald Wykeham</subfield>
    </datafield>
    <datafield tag="260" ind1=" " ind2=" ">
      <subfield code="a">[S.l.] :</subfield>
      <subfield code="b">[S.n.],</subfield>
      <subfield code="c">1936</subfield>
    </datafield>
    <datafield tag="852" ind1=" " ind2=" ">
      <subfield code="a">B10</subfield>
      <subfield code="b">0801</subfield>
      <subfield code="x">bibFSZ00331432</subfield>
    </datafield>
  </record>