
  <record>
    <leader>00613cam  22001937  4500</leader>
    <controlfield tag="001">MOKKAZ0004417081  </controlfield>
    <controlfield tag="005">20091127115350.0</controlfield>
    <controlfield tag="008">      s1961                        und d</controlfield>
    <datafield tag="035" ind1=" " ind2=" ">
      <subfield code="a">bibFSZ00263156</subfield>
    </datafield>
    <datafield tag="040" ind1=" " ind2=" ">
      <subfield code="a">FSZEK</subfield>
    </datafield>
    <datafield tag="080" ind1=" " ind2=" ">
      <subfield code="a">803.0-318(033)</subfield>
    </datafield>
    <datafield tag="080" ind1=" " ind2=" ">
      <subfield code="a">398.93(43):803.0-318(033)</subfield>
    </datafield>
    <datafield tag="245" ind1="0" ind2="0">
      <subfield code="a">1000 idiomatische Redensarten Deutsch /</subfield>
      <subfield code="c">Dora Schulz - Griesbach</subfield>
    </datafield>
    <datafield tag="260" ind1=" " ind2=" ">
      <subfield code="a">[S.l.] :</subfield>
      <subfield code="b">[S.n.],</subfield>
      <subfield code="c">1961</subfield>
    </datafield>
    <datafield tag="650" ind1=" " ind2="7">
      <subfield code="a">Német nyelv</subfield>
      <subfield code="x">szólások</subfield>
      <subfield code="x">lexikon</subfield>
    </datafield>
    <datafield tag="650" ind1=" " ind2="7">
      <subfield code="a">Szólások</subfield>
      <subfield code="x">német</subfield>
      <subfield code="x">lexikon</subfield>
    </datafield>
    <datafield tag="650" ind1=" " ind2="7">
      <subfield code="a">Nyelvsajátosságok</subfield>
      <subfield code="x">német</subfield>
      <subfield code="x">lexikon</subfield>
    </datafield>
    <datafield tag="852" ind1=" " ind2=" ">
      <subfield code="a">B10</subfield>
      <subfield code="b">0801</subfield>
      <subfield code="x">bibFSZ00263156</subfield>
    </datafield>
    <datafield tag="852" ind1=" " ind2=" ">
      <subfield code="a">SZ1</subfield>
      <subfield code="x">MOKKAZ0004417081</subfield>
    </datafield>
  </record>