
  <record>
    <leader>00569nam  2200169 i 4500</leader>
    <controlfield tag="001">MOKKAW0005220797  </controlfield>
    <controlfield tag="005">20080403184557.0</controlfield>
    <controlfield tag="008">050713s1968                        ger d</controlfield>
    <datafield tag="035" ind1=" " ind2=" ">
      <subfield code="a">OIK214133</subfield>
    </datafield>
    <datafield tag="040" ind1=" " ind2=" ">
      <subfield code="a">OIK</subfield>
    </datafield>
    <datafield tag="041" ind1="0" ind2=" ">
      <subfield code="a">gereng</subfield>
    </datafield>
    <datafield tag="100" ind1="1" ind2=" ">
      <subfield code="a">Wykeham Reginald</subfield>
    </datafield>
    <datafield tag="245" ind1="1" ind2="0">
      <subfield code="a">1000 idiomatische Redensarten English : </subfield>
      <subfield code="b">Mit Erklärungen und Beispielen /</subfield>
      <subfield code="c">von Reginald Wykeham ; Neubearb. von W. Schmidt-Hidding und H. Robert Dodd</subfield>
    </datafield>
    <datafield tag="250" ind1=" " ind2=" ">
      <subfield code="a">8. Aufl</subfield>
    </datafield>
    <datafield tag="260" ind1=" " ind2=" ">
      <subfield code="a">Berlin</subfield>
      <subfield code="a">München</subfield>
      <subfield code="a">Zürich :</subfield>
      <subfield code="b">Langenscheidt KG,</subfield>
      <subfield code="c">1968</subfield>
    </datafield>
    <datafield tag="300" ind1=" " ind2=" ">
      <subfield code="a">246 p ;</subfield>
      <subfield code="c">19 cm</subfield>
    </datafield>
    <datafield tag="852" ind1=" " ind2=" ">
      <subfield code="a">B14</subfield>
      <subfield code="b">B14</subfield>
      <subfield code="x">OIK214133</subfield>
    </datafield>
  </record>