
  <record>
    <leader>00706nam  2200217 i 4500</leader>
    <controlfield tag="001">MOKKAS0003528725  </controlfield>
    <controlfield tag="005">20060606033953.0</controlfield>
    <controlfield tag="008">050714s1979                        ger d</controlfield>
    <datafield tag="035" ind1=" " ind2=" ">
      <subfield code="a">624778</subfield>
    </datafield>
    <datafield tag="040" ind1=" " ind2=" ">
      <subfield code="a">OIK</subfield>
    </datafield>
    <datafield tag="041" ind1="0" ind2=" ">
      <subfield code="a">gereng</subfield>
    </datafield>
    <datafield tag="100" ind1="1" ind2=" ">
      <subfield code="a">Wykeham, Reginald</subfield>
    </datafield>
    <datafield tag="245" ind1="1" ind2="0">
      <subfield code="a">1000 idiomatische Redensarten English : </subfield>
      <subfield code="b">Mit Erklärungen und Beispielen /</subfield>
      <subfield code="c">von Reginald Wykeham ; Neubearb. von W. Schmidt-Hidding und H. Robert Dodd</subfield>
    </datafield>
    <datafield tag="250" ind1=" " ind2=" ">
      <subfield code="a">15. Aufl.</subfield>
    </datafield>
    <datafield tag="260" ind1=" " ind2=" ">
      <subfield code="a">Berlin ; München ; Zürich :</subfield>
      <subfield code="b">Langenscheidt GK,</subfield>
      <subfield code="c">1979</subfield>
    </datafield>
    <datafield tag="300" ind1=" " ind2=" ">
      <subfield code="a">246 p. ;</subfield>
      <subfield code="c">19 cm</subfield>
    </datafield>
    <datafield tag="500" ind1=" " ind2=" ">
      <subfield code="a">Bibliogr.: p. 234.</subfield>
    </datafield>
    <datafield tag="650" ind1=" " ind2="4">
      <subfield code="a">Angol kifejezések</subfield>
    </datafield>
    <datafield tag="650" ind1=" " ind2="4">
      <subfield code="a">Német nyelven</subfield>
    </datafield>
    <datafield tag="852" ind1=" " ind2=" ">
      <subfield code="a">B14</subfield>
      <subfield code="b">B14</subfield>
      <subfield code="x">624778</subfield>
    </datafield>
    <datafield tag="852" ind1=" " ind2=" ">
      <subfield code="a">B14</subfield>
      <subfield code="b">B14</subfield>
      <subfield code="x">OIK624778</subfield>
    </datafield>
  </record>