
  <record>
    <leader>00350cam  22001217  4500</leader>
    <controlfield tag="001">MOKKAZ0004411150  </controlfield>
    <controlfield tag="005">20040910065909.0</controlfield>
    <controlfield tag="008">      s1960                        und d</controlfield>
    <datafield tag="035" ind1=" " ind2=" ">
      <subfield code="a">bibFSZ00257220</subfield>
    </datafield>
    <datafield tag="040" ind1=" " ind2=" ">
      <subfield code="a">FSZEK</subfield>
    </datafield>
    <datafield tag="245" ind1="0" ind2="0">
      <subfield code="a">1000 idiomatische spanische Redensarten /</subfield>
      <subfield code="c">Werner Beinhauer</subfield>
    </datafield>
    <datafield tag="260" ind1=" " ind2=" ">
      <subfield code="a">[S.l.] :</subfield>
      <subfield code="b">[S.n.],</subfield>
      <subfield code="c">1960</subfield>
    </datafield>
    <datafield tag="852" ind1=" " ind2=" ">
      <subfield code="a">B10</subfield>
      <subfield code="b">0801</subfield>
      <subfield code="x">bibFSZ00257220</subfield>
    </datafield>
  </record>