
  <record>
    <leader>00544nam  2200193 i 4500</leader>
    <controlfield tag="001">MOKKAS0003400541  </controlfield>
    <controlfield tag="005">20060604060612.0</controlfield>
    <controlfield tag="008">050713s1988                        fin d</controlfield>
    <datafield tag="020" ind1=" " ind2=" ">
      <subfield code="a">951 692 184 1</subfield>
    </datafield>
    <datafield tag="035" ind1=" " ind2=" ">
      <subfield code="a">196270</subfield>
    </datafield>
    <datafield tag="040" ind1=" " ind2=" ">
      <subfield code="a">OIK</subfield>
    </datafield>
    <datafield tag="041" ind1="0" ind2=" ">
      <subfield code="a">fin</subfield>
    </datafield>
    <datafield tag="100" ind1="1" ind2=" ">
      <subfield code="a">Huttunen, Jorma</subfield>
    </datafield>
    <datafield tag="245" ind1="1" ind2="0">
      <subfield code="a">1000 ja 1 kirjaa /</subfield>
      <subfield code="c">Jorma Huttunen</subfield>
    </datafield>
    <datafield tag="260" ind1=" " ind2=" ">
      <subfield code="a">Helsinki :</subfield>
      <subfield code="b">Kirjastopalvelu,</subfield>
      <subfield code="c">1988</subfield>
    </datafield>
    <datafield tag="300" ind1=" " ind2=" ">
      <subfield code="a">282 p. ;</subfield>
      <subfield code="c">21 cm</subfield>
    </datafield>
    <datafield tag="650" ind1=" " ind2="4">
      <subfield code="a">Válogató jellegű bibliográfia. Ajánló bibliográfia</subfield>
    </datafield>
    <datafield tag="650" ind1=" " ind2="4">
      <subfield code="a">Többnyelvű. Polyglot</subfield>
    </datafield>
    <datafield tag="852" ind1=" " ind2=" ">
      <subfield code="a">B14</subfield>
      <subfield code="b">B14</subfield>
      <subfield code="x">196270</subfield>
    </datafield>
  </record>