
  <record>
    <leader>01155nam  2200241 i 4500</leader>
    <controlfield tag="001">MOKKAZ0003304244  </controlfield>
    <controlfield tag="005">20040909175457.0</controlfield>
    <controlfield tag="008">      s1976    au a           0010 ger d</controlfield>
    <datafield tag="035" ind1=" " ind2=" ">
      <subfield code="a">bibKLT00074901</subfield>
    </datafield>
    <datafield tag="040" ind1=" " ind2=" ">
      <subfield code="a">DEENK</subfield>
    </datafield>
    <datafield tag="245" ind1="0" ind2="0">
      <subfield code="a">1000 Jahre Babenberger in Österreich :</subfield>
      <subfield code="b">Niederösterreichische Jubiläumsausstellung : Stift Lilienfeld 15. Mai - 31. Oktober 1976 : [Katalog] /</subfield>
      <subfield code="c">[Hrsg. Amt der Niederösterreichischen Landesregierung] ; [Katalogbearb. Erich Zöllner, Karl Gutkas]</subfield>
    </datafield>
    <datafield tag="260" ind1=" " ind2=" ">
      <subfield code="a">Wien :</subfield>
      <subfield code="b">Amt der Niederösterreichischen Landesregierung,</subfield>
      <subfield code="c">1976</subfield>
    </datafield>
    <datafield tag="300" ind1=" " ind2=" ">
      <subfield code="a">XXIII, 774 p. :</subfield>
      <subfield code="b">ill. ;</subfield>
      <subfield code="c">25 cm</subfield>
    </datafield>
    <datafield tag="490" ind1="1" ind2=" ">
      <subfield code="a">(Katalog des Niederösterreichischen Landesmuseums. Neue Folge ;</subfield>
      <subfield code="v">66.)</subfield>
    </datafield>
    <datafield tag="600" ind1="3" ind2=" ">
      <subfield code="a">Babenberg (család)</subfield>
      <subfield code="x">életrajz</subfield>
      <subfield code="x">kiállítások</subfield>
    </datafield>
    <datafield tag="651" ind1=" " ind2="4">
      <subfield code="a">Ausztria</subfield>
      <subfield code="x">történet</subfield>
      <subfield code="x">kiállítások</subfield>
    </datafield>
    <datafield tag="651" ind1=" " ind2="0">
      <subfield code="a">Austria</subfield>
      <subfield code="x">History</subfield>
      <subfield code="x">Exhibitions.</subfield>
    </datafield>
    <datafield tag="700" ind1="1" ind2=" ">
      <subfield code="a">Gutkas, Karl</subfield>
      <subfield code="d">(1926-)</subfield>
    </datafield>
    <datafield tag="700" ind1="1" ind2=" ">
      <subfield code="a">Zöllner, Erich</subfield>
      <subfield code="d">(1916-)</subfield>
    </datafield>
    <datafield tag="710" ind1="2" ind2=" ">
      <subfield code="a">Niederösterreichische Landesregierung (Wien)</subfield>
    </datafield>
    <datafield tag="810" ind1="2" ind2=" ">
      <subfield code="a">Niederösterreichisches Landesmuseum (Wien)</subfield>
    </datafield>
    <datafield tag="830" ind1=" " ind2="0">
      <subfield code="a">Katalog des Niederösterreichischen Landesmuseums.</subfield>
      <subfield code="p">Neue Folge</subfield>
    </datafield>
    <datafield tag="852" ind1=" " ind2=" ">
      <subfield code="a">D1</subfield>
      <subfield code="b">D1/OE</subfield>
      <subfield code="x">bibKLT00074901</subfield>
    </datafield>
  </record>