
  <record>
    <leader>00587cam  2200205 i 4500</leader>
    <controlfield tag="001">MOKKAS0001867383  </controlfield>
    <controlfield tag="005">20060530210717.0</controlfield>
    <controlfield tag="008">980728c19891989gw            000 0 ger d</controlfield>
    <datafield tag="020" ind1=" " ind2=" ">
      <subfield code="a">3 597 30070 7</subfield>
    </datafield>
    <datafield tag="035" ind1=" " ind2=" ">
      <subfield code="a">41154</subfield>
    </datafield>
    <datafield tag="040" ind1=" " ind2=" ">
      <subfield code="a">ELTE</subfield>
    </datafield>
    <datafield tag="041" ind1="0" ind2=" ">
      <subfield code="a">ger</subfield>
    </datafield>
    <datafield tag="100" ind1="1" ind2=" ">
      <subfield code="a">Stökl, Günther</subfield>
    </datafield>
    <datafield tag="245" ind1="1" ind2="0">
      <subfield code="a">1000 Jahre christliches Russland und wir</subfield>
      <subfield code="c">/ Günther Stökl. -</subfield>
    </datafield>
    <datafield tag="260" ind1=" " ind2=" ">
      <subfield code="a">München :</subfield>
      <subfield code="b">Saur,</subfield>
      <subfield code="c">1989. -</subfield>
    </datafield>
    <datafield tag="300" ind1=" " ind2=" ">
      <subfield code="a">24 p. ;</subfield>
      <subfield code="c">25 cm.</subfield>
    </datafield>
    <datafield tag="490" ind1="1" ind2=" ">
      <subfield code="a">(Eichstätter Hochschulreden ;</subfield>
      <subfield code="v">70.)</subfield>
    </datafield>
    <datafield tag="650" ind1="0" ind2="4">
      <subfield code="a">egyháztörténet</subfield>
      <subfield code="z">orosz</subfield>
    </datafield>
    <datafield tag="830" ind1=" " ind2="0">
      <subfield code="a">Eichstätter Hochschulreden</subfield>
    </datafield>
    <datafield tag="852" ind1=" " ind2=" ">
      <subfield code="a">B2</subfield>
      <subfield code="b">B2</subfield>
      <subfield code="x">41154</subfield>
    </datafield>
  </record>