
  <record>
    <leader>00504nam  2200193 i 4500</leader>
    <controlfield tag="001">MOKKAN0004560514  </controlfield>
    <controlfield tag="005">20070502223252.0</controlfield>
    <controlfield tag="008">011024s1984                        ger d</controlfield>
    <datafield tag="020" ind1=" " ind2=" ">
      <subfield code="a">3 8053 0535 4</subfield>
    </datafield>
    <datafield tag="035" ind1=" " ind2=" ">
      <subfield code="a">150177741</subfield>
    </datafield>
    <datafield tag="040" ind1=" " ind2=" ">
      <subfield code="a">BDK</subfield>
    </datafield>
    <datafield tag="041" ind1="0" ind2=" ">
      <subfield code="a">ger</subfield>
    </datafield>
    <datafield tag="100" ind1="1" ind2=" ">
      <subfield code="a">Volkoff, Oleg V.</subfield>
    </datafield>
    <datafield tag="245" ind1="0" ind2="0">
      <subfield code="a">1000 Jahre Kairo /</subfield>
      <subfield code="c">Oleg V. Volkoff</subfield>
    </datafield>
    <datafield tag="260" ind1=" " ind2=" ">
      <subfield code="a">Mainz am Rhein :</subfield>
      <subfield code="b">Philipp von Zabern,</subfield>
      <subfield code="c">1984</subfield>
    </datafield>
    <datafield tag="300" ind1=" " ind2=" ">
      <subfield code="a">251, [2] p., [35] t.</subfield>
    </datafield>
    <datafield tag="650" ind1=" " ind2="4">
      <subfield code="a">Kairó</subfield>
    </datafield>
    <datafield tag="651" ind1=" " ind2="4">
      <subfield code="a">El-Qahira</subfield>
    </datafield>
    <datafield tag="852" ind1=" " ind2=" ">
      <subfield code="a">SZO1</subfield>
      <subfield code="b">SZO1</subfield>
      <subfield code="x">150177741</subfield>
    </datafield>
  </record>