
  <record>
    <leader>00597nama 22001571i 4500</leader>
    <controlfield tag="001">MOKKAS0000675920  </controlfield>
    <controlfield tag="005">20060118140548.0</controlfield>
    <controlfield tag="008">041105s1971    at            000 0 gerod</controlfield>
    <datafield tag="035" ind1=" " ind2=" ">
      <subfield code="a">1434869</subfield>
    </datafield>
    <datafield tag="040" ind1=" " ind2=" ">
      <subfield code="a">OSZK</subfield>
    </datafield>
    <datafield tag="041" ind1="0" ind2=" ">
      <subfield code="a">gerger</subfield>
    </datafield>
    <datafield tag="245" ind1="0" ind2="0">
      <subfield code="a">1000 Jahre Kunst in Krems : </subfield>
      <subfield code="b">Ausstellung : Krems 28. Mai bis 24. Oktober 1971 /</subfield>
      <subfield code="c">veranst. u. hrsg. von der Stadt Krems an der Donau ; [Ausstellungsleitung, Einführung Harry Kühnel]</subfield>
    </datafield>
    <datafield tag="260" ind1=" " ind2=" ">
      <subfield code="a">Krems a. d. D. :</subfield>
      <subfield code="b">Kulturverwaltung,</subfield>
      <subfield code="c">1971</subfield>
    </datafield>
    <datafield tag="300" ind1=" " ind2=" ">
      <subfield code="a">XXVIII, 566 p., 70 t., 5 térk. ;</subfield>
      <subfield code="c">22 cm</subfield>
    </datafield>
    <datafield tag="700" ind1="1" ind2=" ">
      <subfield code="a">Kühnel, Harry</subfield>
      <subfield code="4">(közrem.)</subfield>
    </datafield>
    <datafield tag="852" ind1=" " ind2=" ">
      <subfield code="a">B1</subfield>
      <subfield code="b">B1</subfield>
      <subfield code="x">1434869</subfield>
    </datafield>
  </record>