
  <record>
    <leader>01104nam  2200253 i 4500</leader>
    <controlfield tag="001">MOKKAZ0003453850  </controlfield>
    <controlfield tag="005">20040909191905.0</controlfield>
    <controlfield tag="008">971205s1997    nz            10010 ger d</controlfield>
    <datafield tag="020" ind1=" " ind2=" ">
      <subfield code="a">0 9597650 9 3</subfield>
    </datafield>
    <datafield tag="035" ind1=" " ind2=" ">
      <subfield code="a">bibKLT00159643</subfield>
    </datafield>
    <datafield tag="040" ind1=" " ind2=" ">
      <subfield code="a">DEENK</subfield>
    </datafield>
    <datafield tag="041" ind1="0" ind2=" ">
      <subfield code="a">gereng</subfield>
    </datafield>
    <datafield tag="245" ind1="0" ind2="0">
      <subfield code="a">1000 Jahre Österreich im Spiegel seiner Literature /</subfield>
      <subfield code="c">hrsg. von August Obermayer</subfield>
    </datafield>
    <datafield tag="260" ind1=" " ind2=" ">
      <subfield code="a">Dunedin [New Zealand] :</subfield>
      <subfield code="b">Department of German, Univ. of Otago,</subfield>
      <subfield code="c">1997</subfield>
    </datafield>
    <datafield tag="300" ind1=" " ind2=" ">
      <subfield code="a">234 p. ;</subfield>
      <subfield code="c">21 cm</subfield>
    </datafield>
    <datafield tag="490" ind1="1" ind2=" ">
      <subfield code="a">(Otago German studies,</subfield>
      <subfield code="x">0111-3283 ;</subfield>
      <subfield code="v">9.)</subfield>
    </datafield>
    <datafield tag="500" ind1=" " ind2=" ">
      <subfield code="a">Internationales Symposium vom 27-29. August 1996. Org. vom Germanistischen Institut der Univ. von Otago (Dunedin, New Zealand)</subfield>
    </datafield>
    <datafield tag="650" ind1=" " ind2="4">
      <subfield code="a">Osztrák irodalom</subfield>
      <subfield code="x">történet és kritika</subfield>
      <subfield code="x">kongresszusok</subfield>
    </datafield>
    <datafield tag="650" ind1=" " ind2="0">
      <subfield code="a">Austrian literature</subfield>
      <subfield code="x">History and criticism</subfield>
      <subfield code="x">Congresses.</subfield>
    </datafield>
    <datafield tag="651" ind1=" " ind2="4">
      <subfield code="a">Ausztria</subfield>
      <subfield code="x">az irodalomban</subfield>
    </datafield>
    <datafield tag="651" ind1=" " ind2="0">
      <subfield code="a">Austria</subfield>
      <subfield code="x">In literature.</subfield>
    </datafield>
    <datafield tag="700" ind1="1" ind2=" ">
      <subfield code="a">Obermayer, August</subfield>
    </datafield>
    <datafield tag="711" ind1="1" ind2=" ">
      <subfield code="a">University of Otago (Dunedin, New Zealand).</subfield>
      <subfield code="b">Department of German.</subfield>
      <subfield code="e">Internationales Symposium</subfield>
      <subfield code="d">(1996)</subfield>
      <subfield code="c">(Dunedin, New Zealand)</subfield>
    </datafield>
    <datafield tag="852" ind1=" " ind2=" ">
      <subfield code="a">D1</subfield>
      <subfield code="b">D1/OE</subfield>
      <subfield code="x">bibKLT00159643</subfield>
    </datafield>
  </record>