
  <record>
    <leader>00669cam  2200205 i 4500</leader>
    <controlfield tag="001">MOKKAN0003963081  </controlfield>
    <controlfield tag="005">20061106005658.0</controlfield>
    <controlfield tag="008">990118s1996    au a          00010 ger d</controlfield>
    <datafield tag="035" ind1=" " ind2=" ">
      <subfield code="a">79802</subfield>
    </datafield>
    <datafield tag="040" ind1=" " ind2=" ">
      <subfield code="a">MEKLM</subfield>
    </datafield>
    <datafield tag="041" ind1="0" ind2=" ">
      <subfield code="a">ger</subfield>
    </datafield>
    <datafield tag="245" ind1="0" ind2="0">
      <subfield code="a">1000 Jahre und mehr Österreich und seine Menschen um das Jahr 1000 /</subfield>
      <subfield code="c">hrsg. vom Bundespressedienst</subfield>
    </datafield>
    <datafield tag="260" ind1=" " ind2=" ">
      <subfield code="a">Wien :</subfield>
      <subfield code="b">Bundespressedienst,</subfield>
      <subfield code="c">1996</subfield>
    </datafield>
    <datafield tag="300" ind1=" " ind2=" ">
      <subfield code="a">38 p. :</subfield>
      <subfield code="b">ill. ;</subfield>
      <subfield code="c">27 cm</subfield>
    </datafield>
    <datafield tag="490" ind1="1" ind2=" ">
      <subfield code="a">(Österreich dokumentation)</subfield>
    </datafield>
    <datafield tag="650" ind1="0" ind2="4">
      <subfield code="a">társadalomrajz</subfield>
      <subfield code="z">Ausztria</subfield>
      <subfield code="y">középkor</subfield>
    </datafield>
    <datafield tag="650" ind1="0" ind2="4">
      <subfield code="a">életmód</subfield>
      <subfield code="z">Ausztria</subfield>
      <subfield code="y">középkor</subfield>
    </datafield>
    <datafield tag="710" ind1="2" ind2=" ">
      <subfield code="a">Bundespressedienst</subfield>
      <subfield code="c">(Wien)</subfield>
    </datafield>
    <datafield tag="830" ind1=" " ind2="0">
      <subfield code="a">Österreich dokumentation</subfield>
    </datafield>
    <datafield tag="852" ind1=" " ind2=" ">
      <subfield code="a">M1</subfield>
      <subfield code="b">M1</subfield>
      <subfield code="x">79802</subfield>
    </datafield>
  </record>