
  <record>
    <leader>00666nam  2200193   4500</leader>
    <controlfield tag="001">MOKKAZ0003995043  </controlfield>
    <controlfield tag="005">20040910015642.0</controlfield>
    <controlfield tag="008">970212 1996    au            00010 ger  </controlfield>
    <datafield tag="035" ind1=" " ind2=" ">
      <subfield code="a">bibJAT00259326</subfield>
    </datafield>
    <datafield tag="040" ind1=" " ind2=" ">
      <subfield code="a">SZTE</subfield>
    </datafield>
    <datafield tag="100" ind1="1" ind2=" ">
      <subfield code="a">Wolfram, Herwig</subfield>
    </datafield>
    <datafield tag="245" ind1="0" ind2="0">
      <subfield code="a">1000 Jahre und mehr :</subfield>
      <subfield code="b">Österreich und seine Menschen um das Jahr 1000 /</subfield>
      <subfield code="c">[Herwig Wolfram]</subfield>
    </datafield>
    <datafield tag="260" ind1=" " ind2=" ">
      <subfield code="a">Wien :</subfield>
      <subfield code="b">Bundespressedienst,</subfield>
      <subfield code="c">1996</subfield>
    </datafield>
    <datafield tag="300" ind1=" " ind2=" ">
      <subfield code="a">38 p. :</subfield>
      <subfield code="b">ill. ;</subfield>
      <subfield code="c">27 cm</subfield>
    </datafield>
    <datafield tag="490" ind1="1" ind2=" ">
      <subfield code="a">(Österreich Dokumentation)</subfield>
    </datafield>
    <datafield tag="650" ind1=" " ind2="7">
      <subfield code="a">Társadalomtörténet</subfield>
      <subfield code="x">Ausztria</subfield>
      <subfield code="y">középkor</subfield>
      <subfield code="2">szte</subfield>
    </datafield>
    <datafield tag="650" ind1=" " ind2="7">
      <subfield code="a">Életmód</subfield>
      <subfield code="x">Ausztria</subfield>
      <subfield code="y">középkor</subfield>
      <subfield code="2">szte</subfield>
    </datafield>
    <datafield tag="830" ind1=" " ind2="0">
      <subfield code="a">Österreich Dokumentation</subfield>
    </datafield>
    <datafield tag="852" ind1=" " ind2=" ">
      <subfield code="a">SZ1</subfield>
      <subfield code="b">SZ1</subfield>
      <subfield code="x">bibJAT00259326</subfield>
    </datafield>
  </record>