
  <record>
    <leader>00955nam  2200301 i 4500</leader>
    <controlfield tag="001">MOKKAN0004599874  </controlfield>
    <controlfield tag="005">20080419063309.0</controlfield>
    <controlfield tag="008">061228s2006    hu                  jap d</controlfield>
    <datafield tag="020" ind1=" " ind2=" ">
      <subfield code="a">963 86706 7 3</subfield>
    </datafield>
    <datafield tag="020" ind1=" " ind2=" ">
      <subfield code="a">963-86706-7-3</subfield>
    </datafield>
    <datafield tag="035" ind1=" " ind2=" ">
      <subfield code="a">150565120</subfield>
    </datafield>
    <datafield tag="040" ind1=" " ind2=" ">
      <subfield code="a">BDK</subfield>
    </datafield>
    <datafield tag="041" ind1="0" ind2=" ">
      <subfield code="a">japhun</subfield>
    </datafield>
    <datafield tag="100" ind1="1" ind2=" ">
      <subfield code="a">Máté Judit, Z.</subfield>
    </datafield>
    <datafield tag="245" ind1="0" ind2="0">
      <subfield code="a">1000 kanji : </subfield>
      <subfield code="b">szótár a japán nyelv tanulásához és nyelvvizsgákhoz : kezdőknek és haladóknak, kana átírással /</subfield>
      <subfield code="c">[összeáll. és szerk.] Máté Judit</subfield>
    </datafield>
    <datafield tag="250" ind1=" " ind2=" ">
      <subfield code="a">2. jav., ... kiad.</subfield>
    </datafield>
    <datafield tag="260" ind1=" " ind2=" ">
      <subfield code="a">[Budapest] :</subfield>
      <subfield code="b">Nobara,</subfield>
      <subfield code="c">2006</subfield>
    </datafield>
    <datafield tag="300" ind1=" " ind2=" ">
      <subfield code="a">227, [2] p. ;</subfield>
      <subfield code="c">30 cm</subfield>
    </datafield>
    <datafield tag="650" ind1=" " ind2="4">
      <subfield code="a">japán nyelv</subfield>
    </datafield>
    <datafield tag="650" ind1=" " ind2="4">
      <subfield code="a">kétnyelvű szótár</subfield>
    </datafield>
    <datafield tag="650" ind1=" " ind2="4">
      <subfield code="a">magyar nyelv</subfield>
    </datafield>
    <datafield tag="650" ind1=" " ind2="4">
      <subfield code="a">nyelvkönyv</subfield>
    </datafield>
    <datafield tag="650" ind1=" " ind2="4">
      <subfield code="a">írás</subfield>
    </datafield>
    <datafield tag="650" ind1=" " ind2="7">
      <subfield code="a">Japán írás</subfield>
      <subfield code="x">szótár</subfield>
      <subfield code="2">szte</subfield>
    </datafield>
    <datafield tag="650" ind1=" " ind2="7">
      <subfield code="a">Japán nyelvkönyv</subfield>
      <subfield code="2">szte</subfield>
    </datafield>
    <datafield tag="852" ind1=" " ind2=" ">
      <subfield code="a">SZO1</subfield>
      <subfield code="b">SZO1</subfield>
      <subfield code="x">150565120</subfield>
    </datafield>
    <datafield tag="852" ind1=" " ind2=" ">
      <subfield code="a">SZ1</subfield>
      <subfield code="b">SZ1/B3</subfield>
      <subfield code="x">bibJAT00711384</subfield>
    </datafield>
    <datafield tag="852" ind1=" " ind2=" ">
      <subfield code="a">B11</subfield>
      <subfield code="b">B11</subfield>
      <subfield code="x">BMEOMIKK000477983</subfield>
    </datafield>
  </record>