
  <record>
    <leader>00604nam  2200181 i 4500</leader>
    <controlfield tag="001">MOKKAS0003375158  </controlfield>
    <controlfield tag="005">20060605073052.0</controlfield>
    <controlfield tag="008">050101s2003                            d</controlfield>
    <datafield tag="020" ind1=" " ind2=" ">
      <subfield code="a">963-430-563-6 (fűzött)</subfield>
    </datafield>
    <datafield tag="035" ind1=" " ind2=" ">
      <subfield code="a">649079</subfield>
    </datafield>
    <datafield tag="040" ind1=" " ind2=" ">
      <subfield code="a">KKMK</subfield>
    </datafield>
    <datafield tag="245" ind1="0" ind2="0">
      <subfield code="a">1000 kanji szótára a japán nyelv tanulásához és nyelvvizsgához : </subfield>
      <subfield code="b">kezdőknek és haladóknak /</subfield>
      <subfield code="c">összeáll.,szerk. Z. Máté Judit</subfield>
    </datafield>
    <datafield tag="260" ind1=" " ind2=" ">
      <subfield code="b">Szerzői kiadás,</subfield>
      <subfield code="c">2003</subfield>
    </datafield>
    <datafield tag="300" ind1=" " ind2=" ">
      <subfield code="a">227 p. ;</subfield>
      <subfield code="c">30 cm</subfield>
    </datafield>
    <datafield tag="650" ind1=" " ind2="4">
      <subfield code="a">japán nyelv</subfield>
    </datafield>
    <datafield tag="650" ind1=" " ind2="4">
      <subfield code="a">kétnyelvű szótár</subfield>
    </datafield>
    <datafield tag="700" ind1="2" ind2="0">
      <subfield code="a">Máté Judit Z.</subfield>
      <subfield code="4">(összeáll.,szerk.)</subfield>
    </datafield>
    <datafield tag="852" ind1=" " ind2=" ">
      <subfield code="a">GY1</subfield>
      <subfield code="b">GY1</subfield>
      <subfield code="x">649079</subfield>
    </datafield>
  </record>