
  <record>
    <leader>00459nam  2200145 i 4500</leader>
    <controlfield tag="001">MOKKAS0001489789  </controlfield>
    <controlfield tag="005">20060113192155.0</controlfield>
    <controlfield tag="008">050903s1991    hu            00010 hun d</controlfield>
    <datafield tag="020" ind1=" " ind2=" ">
      <subfield code="a">963-8409-71-1 :</subfield>
      <subfield code="c">750,-Ft</subfield>
    </datafield>
    <datafield tag="035" ind1=" " ind2=" ">
      <subfield code="a">bibVFK00113482</subfield>
    </datafield>
    <datafield tag="040" ind1=" " ind2=" ">
      <subfield code="a">VFMK</subfield>
    </datafield>
    <datafield tag="245" ind1="0" ind2="0">
      <subfield code="a">1000 kérdés 1000 válasz az állatokról /</subfield>
      <subfield code="c">[főszerk. Virginio Sala]</subfield>
    </datafield>
    <datafield tag="260" ind1=" " ind2=" ">
      <subfield code="a">[Bp.] :</subfield>
      <subfield code="b">Alexandra Kiadó,</subfield>
      <subfield code="c">1991</subfield>
    </datafield>
    <datafield tag="300" ind1=" " ind2=" ">
      <subfield code="a">192 p. :</subfield>
      <subfield code="b">ill.,szines ;</subfield>
      <subfield code="c">27 cm</subfield>
    </datafield>
    <datafield tag="852" ind1=" " ind2=" ">
      <subfield code="a">SZL1</subfield>
      <subfield code="b">SZL1</subfield>
      <subfield code="x">bibVFK00113482</subfield>
    </datafield>
  </record>