
  <record>
    <leader>005976am  2200181 i 4500</leader>
    <controlfield tag="001">MOKKAS0002413360  </controlfield>
    <controlfield tag="005">20060617092354.0</controlfield>
    <controlfield tag="008">960813s1996    hu     j      00100 hun10</controlfield>
    <datafield tag="020" ind1=" " ind2=" ">
      <subfield code="a">963-367-056-X (kötött)</subfield>
    </datafield>
    <datafield tag="035" ind1=" " ind2=" ">
      <subfield code="a">bibBBM87976</subfield>
    </datafield>
    <datafield tag="040" ind1=" " ind2=" ">
      <subfield code="a">BBMK</subfield>
    </datafield>
    <datafield tag="041" ind1="1" ind2=" ">
      <subfield code="a">hun</subfield>
      <subfield code="h">ita</subfield>
    </datafield>
    <datafield tag="245" ind1="0" ind2="0">
      <subfield code="a">1000 kérdés, 1000 válasz a természetről /</subfield>
      <subfield code="c">[szerk. Laura Casnici] ; [graf. Maurizio Bajetti] ; [ford. Goják Éva]</subfield>
    </datafield>
    <datafield tag="260" ind1="0" ind2=" ">
      <subfield code="a">[Pécs] :</subfield>
      <subfield code="b">Alexandra,</subfield>
      <subfield code="c">1996</subfield>
      <subfield code="e">(Debrecen :</subfield>
      <subfield code="f">Kinizsi)</subfield>
    </datafield>
    <datafield tag="300" ind1=" " ind2=" ">
      <subfield code="a">191 p. :</subfield>
      <subfield code="b">ill., színes ;</subfield>
      <subfield code="c">27 cm</subfield>
    </datafield>
    <datafield tag="650" ind1=" " ind2="4">
      <subfield code="a">Retrokonv</subfield>
    </datafield>
    <datafield tag="695" ind1=" " ind2="4">
      <subfield code="a">Természet</subfield>
    </datafield>
    <datafield tag="852" ind1=" " ind2=" ">
      <subfield code="a">ST1</subfield>
      <subfield code="b">ST1</subfield>
      <subfield code="x">bibBBM87976</subfield>
    </datafield>
  </record>