
  <record>
    <leader>00721nam  2200217 i 4500</leader>
    <controlfield tag="001">MOKKAS0001321933  </controlfield>
    <controlfield tag="005">20060112222244.0</controlfield>
    <controlfield tag="008">      s2003    hu            00010 hun d</controlfield>
    <datafield tag="020" ind1=" " ind2=" ">
      <subfield code="a">963-684-089-X (fűzött) :</subfield>
      <subfield code="c">1541,- Ft</subfield>
    </datafield>
    <datafield tag="035" ind1=" " ind2=" ">
      <subfield code="a">bibRFK00149729</subfield>
    </datafield>
    <datafield tag="040" ind1=" " ind2=" ">
      <subfield code="a">RFMK</subfield>
    </datafield>
    <datafield tag="041" ind1=" " ind2=" ">
      <subfield code="a">hun</subfield>
    </datafield>
    <datafield tag="100" ind1="1" ind2=" ">
      <subfield code="a">Baxter, Nicola</subfield>
    </datafield>
    <datafield tag="240" ind1="1" ind2="0">
      <subfield code="a">1000 Questions and answers (magyar)</subfield>
    </datafield>
    <datafield tag="245" ind1="1" ind2="0">
      <subfield code="a">1000 kérdés, 1000 válasz /</subfield>
      <subfield code="c">[szöveg Nicola Baxter] ; [ford. Kovácsné Kliment Emilia]</subfield>
    </datafield>
    <datafield tag="260" ind1=" " ind2=" ">
      <subfield code="a">[Kaposvár] :</subfield>
      <subfield code="b">Holló és Társa Könyvkiadó,</subfield>
      <subfield code="c">[2003]</subfield>
    </datafield>
    <datafield tag="300" ind1=" " ind2=" ">
      <subfield code="a">192 p. :</subfield>
      <subfield code="b">ill., színes ;</subfield>
      <subfield code="c">21 cm</subfield>
    </datafield>
    <datafield tag="500" ind1=" " ind2=" ">
      <subfield code="a">rs</subfield>
    </datafield>
    <datafield tag="650" ind1=" " ind2="4">
      <subfield code="a">gyermekenciklopédiák</subfield>
    </datafield>
    <datafield tag="700" ind1="2" ind2=" ">
      <subfield code="a">Kovácsné Kliment Emilia</subfield>
      <subfield code="4">ford.</subfield>
    </datafield>
    <datafield tag="852" ind1=" " ind2=" ">
      <subfield code="a">M2</subfield>
      <subfield code="b">M2</subfield>
      <subfield code="x">bibRFK00149729</subfield>
    </datafield>
  </record>