
  <record>
    <leader>01702fam  2200469 i 4500</leader>
    <controlfield tag="001">MOKKAZ0006338875  </controlfield>
    <controlfield tag="005">20040915193237.0</controlfield>
    <controlfield tag="008">960702s1996    hu ar  j      001 0 hun d</controlfield>
    <datafield tag="020" ind1=" " ind2=" ">
      <subfield code="a">963-367-056-X (kötött) :</subfield>
      <subfield code="c">1500,- Ft</subfield>
    </datafield>
    <datafield tag="035" ind1=" " ind2=" ">
      <subfield code="a">185782</subfield>
    </datafield>
    <datafield tag="040" ind1=" " ind2=" ">
      <subfield code="a">OSZK</subfield>
    </datafield>
    <datafield tag="041" ind1="1" ind2=" ">
      <subfield code="a">hunhun</subfield>
      <subfield code="h">ita</subfield>
    </datafield>
    <datafield tag="130" ind1="2" ind2="0">
      <subfield code="a">I perchè della natura</subfield>
      <subfield code="l">magyar</subfield>
    </datafield>
    <datafield tag="245" ind1="0" ind2="0">
      <subfield code="a">1000 kérdés, 1000 válasz a természetről /</subfield>
      <subfield code="c">[szerk. Laura Casnici] ; [graf. Maurizio Bajetti] ; [ford. Goják Éva]</subfield>
    </datafield>
    <datafield tag="260" ind1=" " ind2=" ">
      <subfield code="a">[Pécs] :</subfield>
      <subfield code="b">Alexandra,</subfield>
      <subfield code="c">1996</subfield>
      <subfield code="e">(Debrecen</subfield>
      <subfield code="f">Kinizsi)</subfield>
    </datafield>
    <datafield tag="300" ind1=" " ind2=" ">
      <subfield code="a">191 p. :</subfield>
      <subfield code="b">ill., színes ;</subfield>
      <subfield code="c">27 cm</subfield>
    </datafield>
    <datafield tag="650" ind1=" " ind2="4">
      <subfield code="a">Természet</subfield>
    </datafield>
    <datafield tag="650" ind1=" " ind2="0">
      <subfield code="a">Nature.</subfield>
    </datafield>
    <datafield tag="650" ind1=" " ind2="4">
      <subfield code="a">biológia</subfield>
    </datafield>
    <datafield tag="650" ind1=" " ind2="4">
      <subfield code="a">Természetvédelem [Gyermekirod.]</subfield>
    </datafield>
    <datafield tag="650" ind1="0" ind2="7">
      <subfield code="2">ar</subfield>
      <subfield code="a">biológia</subfield>
      <subfield code="x">ismeretterjesztő</subfield>
    </datafield>
    <datafield tag="650" ind1="0" ind2="7">
      <subfield code="2">ar</subfield>
      <subfield code="a">biológia</subfield>
      <subfield code="x">ifjúsági</subfield>
    </datafield>
    <datafield tag="650" ind1="0" ind2="7">
      <subfield code="2">ar</subfield>
      <subfield code="a">természet</subfield>
      <subfield code="x">ifjúsági</subfield>
    </datafield>
    <datafield tag="650" ind1=" " ind2="4">
      <subfield code="a">Kérdések és válaszok gyermekeknek</subfield>
    </datafield>
    <datafield tag="650" ind1=" " ind2="4">
      <subfield code="a">Természet</subfield>
      <subfield code="x">illusztrált művek</subfield>
      <subfield code="x">ifjúsági irodalom</subfield>
    </datafield>
    <datafield tag="650" ind1=" " ind2="4">
      <subfield code="a">Tudomány</subfield>
      <subfield code="x">ifjúsági irodalom</subfield>
    </datafield>
    <datafield tag="695" ind1=" " ind2=" ">
      <subfield code="a">xxx</subfield>
    </datafield>
    <datafield tag="695" ind1=" " ind2=" ">
      <subfield code="a">természettudomány</subfield>
    </datafield>
    <datafield tag="700" ind1="1" ind2=" ">
      <subfield code="a">Casnici, Laura</subfield>
      <subfield code="4">(szerk.)</subfield>
    </datafield>
    <datafield tag="700" ind1="1" ind2=" ">
      <subfield code="a">Bajetti, Maurizio</subfield>
      <subfield code="4">(ill.)</subfield>
    </datafield>
    <datafield tag="700" ind1="1" ind2=" ">
      <subfield code="a">Goják Éva</subfield>
      <subfield code="4">(ford.)</subfield>
    </datafield>
    <datafield tag="852" ind1=" " ind2=" ">
      <subfield code="a">B1</subfield>
      <subfield code="b">B1</subfield>
      <subfield code="x">185782</subfield>
    </datafield>
    <datafield tag="852" ind1=" " ind2=" ">
      <subfield code="a">D1</subfield>
      <subfield code="b">D1</subfield>
      <subfield code="x">185782</subfield>
    </datafield>
    <datafield tag="852" ind1=" " ind2=" ">
      <subfield code="a">B10</subfield>
      <subfield code="B">1104</subfield>
      <subfield code="B">0101</subfield>
      <subfield code="B">1106</subfield>
      <subfield code="B">1105</subfield>
      <subfield code="B">1202</subfield>
      <subfield code="B">0307C</subfield>
      <subfield code="B">1103</subfield>
      <subfield code="B">2201</subfield>
      <subfield code="B">2203</subfield>
      <subfield code="B">0305</subfield>
      <subfield code="B">0801G</subfield>
      <subfield code="B">1803</subfield>
      <subfield code="B">2301</subfield>
      <subfield code="B">0901</subfield>
      <subfield code="B">0403</subfield>
      <subfield code="B">0602</subfield>
      <subfield code="B">1307</subfield>
      <subfield code="B">1704</subfield>
      <subfield code="B">1004</subfield>
      <subfield code="B">1003</subfield>
      <subfield code="B">0802</subfield>
      <subfield code="b">1602</subfield>
      <subfield code="x">bibFSZ00099896</subfield>
    </datafield>
    <datafield tag="852" ind1=" " ind2=" ">
      <subfield code="a">GY1</subfield>
      <subfield code="b">GY1</subfield>
      <subfield code="x">490451</subfield>
    </datafield>
    <datafield tag="852" ind1=" " ind2=" ">
      <subfield code="a">SZ4</subfield>
      <subfield code="b">SZ4</subfield>
      <subfield code="x">bibSOK00131573</subfield>
    </datafield>
    <datafield tag="852" ind1=" " ind2=" ">
      <subfield code="a">BCS1</subfield>
      <subfield code="b">BCS1</subfield>
      <subfield code="x">bibBKO00197639</subfield>
    </datafield>
    <datafield tag="852" ind1=" " ind2=" ">
      <subfield code="a">M2</subfield>
      <subfield code="b">M2</subfield>
      <subfield code="x">bibRFK00036643</subfield>
    </datafield>
    <datafield tag="852" ind1=" " ind2=" ">
      <subfield code="a">S1</subfield>
      <subfield code="b">S1</subfield>
      <subfield code="x">185782</subfield>
    </datafield>
    <datafield tag="852" ind1=" " ind2=" ">
      <subfield code="a">SZL1</subfield>
      <subfield code="b">SZL1</subfield>
      <subfield code="x">bibVFK00171935</subfield>
    </datafield>
    <datafield tag="852" ind1=" " ind2=" ">
      <subfield code="a">B2</subfield>
      <subfield code="b">B2</subfield>
      <subfield code="x">251831</subfield>
    </datafield>
    <datafield tag="852" ind1=" " ind2=" ">
      <subfield code="a">SZK1</subfield>
      <subfield code="b">SZK1</subfield>
      <subfield code="x">bibTMK84479</subfield>
    </datafield>
  </record>