
  <record>
    <leader>01084fam  2200277 i 4500</leader>
    <controlfield tag="001">MOKKAZ0006313919  </controlfield>
    <controlfield tag="005">20040915190941.0</controlfield>
    <controlfield tag="008">940323t19931993hu r   j      001 0 hun d</controlfield>
    <datafield tag="020" ind1=" " ind2=" ">
      <subfield code="a">963-8409-18-5 (kötött) :</subfield>
      <subfield code="c">750,- Ft</subfield>
    </datafield>
    <datafield tag="035" ind1=" " ind2=" ">
      <subfield code="a">70216</subfield>
    </datafield>
    <datafield tag="040" ind1=" " ind2=" ">
      <subfield code="a">OSZK</subfield>
    </datafield>
    <datafield tag="041" ind1="1" ind2=" ">
      <subfield code="a">hunhun</subfield>
      <subfield code="h">ita</subfield>
    </datafield>
    <datafield tag="245" ind1="0" ind2="0">
      <subfield code="a">1000 kérdés, 1000 válasz /</subfield>
      <subfield code="c">[ford. Goják Éva]</subfield>
    </datafield>
    <datafield tag="260" ind1=" " ind2=" ">
      <subfield code="a">[Kozármislény] :</subfield>
      <subfield code="b">Alexandra,</subfield>
      <subfield code="c">cop. 1993</subfield>
      <subfield code="e">(Szlovák Közt.</subfield>
      <subfield code="f">[s.n.])</subfield>
    </datafield>
    <datafield tag="300" ind1=" " ind2=" ">
      <subfield code="a">191 p. :</subfield>
      <subfield code="b">ill., színes ;</subfield>
      <subfield code="c">26 cm</subfield>
    </datafield>
    <datafield tag="650" ind1=" " ind2="4">
      <subfield code="a">gyermeklexikonok, általános</subfield>
    </datafield>
    <datafield tag="650" ind1=" " ind2="7">
      <subfield code="a">Természettudományok</subfield>
      <subfield code="x">népszerű</subfield>
      <subfield code="2">szte</subfield>
    </datafield>
    <datafield tag="650" ind1=" " ind2="7">
      <subfield code="a">Műszaki tudományok</subfield>
      <subfield code="x">népszerű</subfield>
      <subfield code="2">szte</subfield>
    </datafield>
    <datafield tag="650" ind1=" " ind2="7">
      <subfield code="a">Világtörténelem</subfield>
      <subfield code="x">népszerű</subfield>
      <subfield code="2">szte</subfield>
    </datafield>
    <datafield tag="700" ind1="1" ind2=" ">
      <subfield code="a">Goják Éva</subfield>
      <subfield code="4">(ford.)</subfield>
    </datafield>
    <datafield tag="852" ind1=" " ind2=" ">
      <subfield code="a">B1</subfield>
      <subfield code="b">B1</subfield>
      <subfield code="x">70216</subfield>
    </datafield>
    <datafield tag="852" ind1=" " ind2=" ">
      <subfield code="a">B10</subfield>
      <subfield code="B">0801G</subfield>
      <subfield code="B">2301</subfield>
      <subfield code="B">0403</subfield>
      <subfield code="B">1308</subfield>
      <subfield code="B">0703</subfield>
      <subfield code="B">0702</subfield>
      <subfield code="B">1307</subfield>
      <subfield code="B">0204</subfield>
      <subfield code="B">1704</subfield>
      <subfield code="B">1004</subfield>
      <subfield code="B">1401</subfield>
      <subfield code="B">0802</subfield>
      <subfield code="B">1404</subfield>
      <subfield code="B">1602</subfield>
      <subfield code="B">1702</subfield>
      <subfield code="B">1105</subfield>
      <subfield code="B">0305</subfield>
      <subfield code="B">1202</subfield>
      <subfield code="B">1103</subfield>
      <subfield code="B">2201</subfield>
      <subfield code="B">2203</subfield>
      <subfield code="B">0302</subfield>
      <subfield code="b">0202</subfield>
      <subfield code="x">bibFSZ00093549</subfield>
    </datafield>
    <datafield tag="852" ind1=" " ind2=" ">
      <subfield code="a">H1</subfield>
      <subfield code="b">H1</subfield>
      <subfield code="x">NLVK445002</subfield>
    </datafield>
    <datafield tag="852" ind1=" " ind2=" ">
      <subfield code="a">BCS1</subfield>
      <subfield code="b">BCS1</subfield>
      <subfield code="b">BCS1/LEN</subfield>
      <subfield code="x">bibBKO00078697</subfield>
    </datafield>
    <datafield tag="852" ind1=" " ind2=" ">
      <subfield code="a">M2</subfield>
      <subfield code="b">M2</subfield>
      <subfield code="x">bibRFK00053319</subfield>
    </datafield>
    <datafield tag="852" ind1=" " ind2=" ">
      <subfield code="a">SZ1</subfield>
      <subfield code="b">SZ1</subfield>
      <subfield code="x">bibJAT00323488</subfield>
    </datafield>
  </record>