
  <record>
    <leader>00654cam  22001691  4500</leader>
    <controlfield tag="001">MOKKAZ0004259029  </controlfield>
    <controlfield tag="005">20040910054202.0</controlfield>
    <controlfield tag="008">      s1995                        hun d</controlfield>
    <datafield tag="020" ind1=" " ind2=" ">
      <subfield code="a">963-8409-18-5-[!963-8086-77-7] (kötött) :</subfield>
    </datafield>
    <datafield tag="035" ind1=" " ind2=" ">
      <subfield code="a">bibFSZ00104602</subfield>
    </datafield>
    <datafield tag="040" ind1=" " ind2=" ">
      <subfield code="a">FSZEK</subfield>
    </datafield>
    <datafield tag="245" ind1="0" ind2="0">
      <subfield code="a">1000 kérdés, 1000 válasz /</subfield>
      <subfield code="c">[ford. Goják Éva]</subfield>
    </datafield>
    <datafield tag="260" ind1=" " ind2=" ">
      <subfield code="a">[Pécs] :</subfield>
      <subfield code="b">Alexandra Kiadó,</subfield>
      <subfield code="c">cop. 1995</subfield>
    </datafield>
    <datafield tag="300" ind1=" " ind2=" ">
      <subfield code="a">191 p. :</subfield>
      <subfield code="b">ill. ;</subfield>
      <subfield code="c">27 cm</subfield>
    </datafield>
    <datafield tag="680" ind1=" " ind2="0">
      <subfield code="a">referenszkönyv</subfield>
      <subfield code="a">enciklopédia</subfield>
      <subfield code="a">lexikon</subfield>
      <subfield code="a">gyermekkönyv</subfield>
    </datafield>
    <datafield tag="700" ind1="1" ind2=" ">
      <subfield code="a">Goják Éva</subfield>
      <subfield code="4">ford.</subfield>
    </datafield>
    <datafield tag="852" ind1=" " ind2=" ">
      <subfield code="a">B10</subfield>
      <subfield code="B">1106</subfield>
      <subfield code="B">1104</subfield>
      <subfield code="B">1105</subfield>
      <subfield code="B">0801G</subfield>
      <subfield code="B">1802</subfield>
      <subfield code="B">1803</subfield>
      <subfield code="B">2104</subfield>
      <subfield code="B">1308</subfield>
      <subfield code="B">0404</subfield>
      <subfield code="B">1305</subfield>
      <subfield code="B">0401</subfield>
      <subfield code="B">0602</subfield>
      <subfield code="B">1004</subfield>
      <subfield code="B">1003</subfield>
      <subfield code="B">1401</subfield>
      <subfield code="b">1501</subfield>
      <subfield code="x">bibFSZ00104602</subfield>
    </datafield>
  </record>