
  <record>
    <leader>00625nam  2200193 i 4500</leader>
    <controlfield tag="001">MOKKAS0001252819  </controlfield>
    <controlfield tag="005">20060112172841.0</controlfield>
    <controlfield tag="008">      s1982    hu            00010 hun d</controlfield>
    <datafield tag="020" ind1=" " ind2=" ">
      <subfield code="a">963-231-064-0 (kötött) :</subfield>
      <subfield code="c">62,- Ft</subfield>
    </datafield>
    <datafield tag="035" ind1=" " ind2=" ">
      <subfield code="a">bibRFK00086717</subfield>
    </datafield>
    <datafield tag="040" ind1=" " ind2=" ">
      <subfield code="a">RFMK</subfield>
    </datafield>
    <datafield tag="041" ind1=" " ind2=" ">
      <subfield code="a">hun</subfield>
    </datafield>
    <datafield tag="100" ind1="2" ind2=" ">
      <subfield code="a">Pákozdiné Gonda Irén</subfield>
    </datafield>
    <datafield tag="245" ind1="1" ind2="0">
      <subfield code="a">1000 kérdés, 1000 válasz a ház körüli állattartásról /</subfield>
      <subfield code="c">Gonda Irén</subfield>
    </datafield>
    <datafield tag="250" ind1=" " ind2=" ">
      <subfield code="a">2. átd. kiad.</subfield>
    </datafield>
    <datafield tag="260" ind1=" " ind2=" ">
      <subfield code="a">Budapest :</subfield>
      <subfield code="b">Mezőgazdasági Kiadó,</subfield>
      <subfield code="c">1982, cop. 1978</subfield>
      <subfield code="e">(Debrecen :</subfield>
      <subfield code="f">Alföldi Ny.)</subfield>
    </datafield>
    <datafield tag="300" ind1=" " ind2=" ">
      <subfield code="a">476 p. :</subfield>
      <subfield code="b">ill. ;</subfield>
      <subfield code="c">21 cm</subfield>
    </datafield>
    <datafield tag="504" ind1=" " ind2=" ">
      <subfield code="a">32100</subfield>
    </datafield>
    <datafield tag="852" ind1=" " ind2=" ">
      <subfield code="a">M2</subfield>
      <subfield code="b">M2</subfield>
      <subfield code="x">bibRFK00086717</subfield>
    </datafield>
  </record>