
  <record>
    <leader>00885nam  2200277 i 4500</leader>
    <controlfield tag="001">MOKKAZ0006316544  </controlfield>
    <controlfield tag="005">20040915191100.0</controlfield>
    <controlfield tag="008">940622s1994    hu r          001 0 hun d</controlfield>
    <datafield tag="020" ind1=" " ind2=" ">
      <subfield code="a">963-8409-71-1 (kötött)</subfield>
    </datafield>
    <datafield tag="035" ind1=" " ind2=" ">
      <subfield code="a">81393</subfield>
    </datafield>
    <datafield tag="040" ind1=" " ind2=" ">
      <subfield code="a">OSZK</subfield>
    </datafield>
    <datafield tag="041" ind1="1" ind2=" ">
      <subfield code="a">hunhun</subfield>
      <subfield code="h">ita</subfield>
    </datafield>
    <datafield tag="072" ind1=" " ind2="1">
      <subfield code="a">7</subfield>
    </datafield>
    <datafield tag="245" ind1="0" ind2="0">
      <subfield code="a">1000 kérdés, 1000 válasz az állatokról /</subfield>
      <subfield code="c">[főszerk. Sala Virginio] ; [szerk. Laura Casnici]</subfield>
    </datafield>
    <datafield tag="260" ind1=" " ind2=" ">
      <subfield code="a">[Pécs] :</subfield>
      <subfield code="b">Alexandra,</subfield>
      <subfield code="c">[1994]</subfield>
      <subfield code="e">([S.l.]</subfield>
      <subfield code="f">[s.n.])</subfield>
    </datafield>
    <datafield tag="300" ind1=" " ind2=" ">
      <subfield code="a">192 p. :</subfield>
      <subfield code="b">ill., színes ;</subfield>
      <subfield code="c">27 cm</subfield>
    </datafield>
    <datafield tag="650" ind1=" " ind2="4">
      <subfield code="a">Állatok</subfield>
      <subfield code="x">ifjúsági irodalom</subfield>
    </datafield>
    <datafield tag="650" ind1=" " ind2="4">
      <subfield code="a">Állati viselkedés</subfield>
    </datafield>
    <datafield tag="650" ind1=" " ind2="4">
      <subfield code="a">állatok - életmód</subfield>
    </datafield>
    <datafield tag="650" ind1=" " ind2="4">
      <subfield code="a">életmód - állatok</subfield>
    </datafield>
    <datafield tag="700" ind1="1" ind2=" ">
      <subfield code="a">Sala, Virginio</subfield>
      <subfield code="4">(szerk.)</subfield>
    </datafield>
    <datafield tag="700" ind1="1" ind2=" ">
      <subfield code="a">Casnici, Laura</subfield>
      <subfield code="4">(szerk.)</subfield>
    </datafield>
    <datafield tag="700" ind1="1" ind2=" ">
      <subfield code="a">Goják Éva</subfield>
      <subfield code="4">(ford.)</subfield>
    </datafield>
    <datafield tag="852" ind1=" " ind2=" ">
      <subfield code="a">B1</subfield>
      <subfield code="b">B1</subfield>
      <subfield code="x">81393</subfield>
    </datafield>
    <datafield tag="852" ind1=" " ind2=" ">
      <subfield code="a">SZK1</subfield>
      <subfield code="b">SZK1</subfield>
      <subfield code="x">bibTMK111228</subfield>
    </datafield>
    <datafield tag="852" ind1=" " ind2=" ">
      <subfield code="a">BCS1</subfield>
      <subfield code="b">BCS1</subfield>
      <subfield code="x">bibBKO00190665</subfield>
    </datafield>
  </record>