
  <record>
    <leader>00761cam  22001931  4500</leader>
    <controlfield tag="001">MOKKAZ0004248966  </controlfield>
    <controlfield tag="005">20091109022534.0</controlfield>
    <controlfield tag="008">      s1994                        hun d</controlfield>
    <datafield tag="020" ind1=" " ind2=" ">
      <subfield code="a">963-8409-71-1 (kötött) :</subfield>
    </datafield>
    <datafield tag="035" ind1=" " ind2=" ">
      <subfield code="a">bibFSZ00094533</subfield>
    </datafield>
    <datafield tag="040" ind1=" " ind2=" ">
      <subfield code="a">FSZEK</subfield>
    </datafield>
    <datafield tag="245" ind1="0" ind2="0">
      <subfield code="a">1000 kérdés, 1000 válasz az állatokról /</subfield>
      <subfield code="c">[főszerk. Sala Virginio] ; [szerk. Laura Casnici] ; [ford. Goják Éva]</subfield>
    </datafield>
    <datafield tag="260" ind1=" " ind2=" ">
      <subfield code="a">[Kozármislény] :</subfield>
      <subfield code="b">Alexandra Kiadó,</subfield>
      <subfield code="c">[1994]</subfield>
    </datafield>
    <datafield tag="300" ind1=" " ind2=" ">
      <subfield code="a">192 p. :</subfield>
      <subfield code="b">ill. ;</subfield>
      <subfield code="c">27 cm</subfield>
    </datafield>
    <datafield tag="700" ind1="1" ind2=" ">
      <subfield code="a">Virginio, Sala</subfield>
      <subfield code="4">szerk.</subfield>
    </datafield>
    <datafield tag="700" ind1="1" ind2=" ">
      <subfield code="a">Casnici, Laura</subfield>
      <subfield code="4">szerk.</subfield>
    </datafield>
    <datafield tag="700" ind1="1" ind2=" ">
      <subfield code="a">Goják Éva</subfield>
      <subfield code="4">ford.</subfield>
    </datafield>
    <datafield tag="852" ind1=" " ind2=" ">
      <subfield code="a">B10</subfield>
      <subfield code="B">1105</subfield>
      <subfield code="B">0307C</subfield>
      <subfield code="B">1103</subfield>
      <subfield code="B">1104</subfield>
      <subfield code="B">0302</subfield>
      <subfield code="B">0202</subfield>
      <subfield code="B">0305</subfield>
      <subfield code="B">2301</subfield>
      <subfield code="B">1308</subfield>
      <subfield code="B">0401</subfield>
      <subfield code="B">0403</subfield>
      <subfield code="B">0602</subfield>
      <subfield code="B">1307</subfield>
      <subfield code="B">1704</subfield>
      <subfield code="B">1004</subfield>
      <subfield code="B">1501</subfield>
      <subfield code="B">1504</subfield>
      <subfield code="b">2101</subfield>
      <subfield code="x">bibFSZ00094533</subfield>
    </datafield>
    <datafield tag="852" ind1=" " ind2=" ">
      <subfield code="a">B7</subfield>
      <subfield code="b">B7</subfield>
      <subfield code="x">72035</subfield>
    </datafield>
  </record>