
  <record>
    <leader>00509nam  2200169   4500</leader>
    <controlfield tag="001">MOKKAS0002187563  </controlfield>
    <controlfield tag="005">20060525193325.0</controlfield>
    <controlfield tag="008">991011 1964    hu            00010 hun  </controlfield>
    <datafield tag="035" ind1=" " ind2=" ">
      <subfield code="a">bibSOK00037522</subfield>
    </datafield>
    <datafield tag="040" ind1=" " ind2=" ">
      <subfield code="a">SK</subfield>
    </datafield>
    <datafield tag="245" ind1="0" ind2="0">
      <subfield code="a">1000 kérdés - felelet a technika világából /</subfield>
      <subfield code="c">[szerk. Pap János]</subfield>
    </datafield>
    <datafield tag="260" ind1=" " ind2=" ">
      <subfield code="a">Budapest :</subfield>
      <subfield code="b">Műszaki Kvk.,</subfield>
      <subfield code="c">cop. 1964</subfield>
    </datafield>
    <datafield tag="300" ind1=" " ind2=" ">
      <subfield code="a">447 p. :</subfield>
      <subfield code="b">ill. ;</subfield>
      <subfield code="c">18 cm</subfield>
    </datafield>
    <datafield tag="695" ind1=" " ind2=" ">
      <subfield code="a">xxx</subfield>
    </datafield>
    <datafield tag="695" ind1=" " ind2=" ">
      <subfield code="a">Technika</subfield>
      <subfield code="x">kérdés-felelet</subfield>
    </datafield>
    <datafield tag="695" ind1=" " ind2=" ">
      <subfield code="a">Technikatörténet</subfield>
    </datafield>
    <datafield tag="852" ind1=" " ind2=" ">
      <subfield code="a">SZ4</subfield>
      <subfield code="b">SZ4</subfield>
      <subfield code="x">bibSOK00037522</subfield>
    </datafield>
  </record>