
  <record>
    <leader>00367nam  2200133 i 4500</leader>
    <controlfield tag="001">MOKKAS0003268836  </controlfield>
    <controlfield tag="005">20060602113544.0</controlfield>
    <controlfield tag="008">050101s1964                            d</controlfield>
    <datafield tag="035" ind1=" " ind2=" ">
      <subfield code="a">266235</subfield>
    </datafield>
    <datafield tag="040" ind1=" " ind2=" ">
      <subfield code="a">KKMK</subfield>
    </datafield>
    <datafield tag="245" ind1="0" ind2="0">
      <subfield code="a">1000 kérdés-felelet a technika világából</subfield>
    </datafield>
    <datafield tag="260" ind1=" " ind2=" ">
      <subfield code="a">Budapest :</subfield>
      <subfield code="b">Műszaki Könyvkiadó,</subfield>
      <subfield code="c">1964</subfield>
    </datafield>
    <datafield tag="300" ind1=" " ind2=" ">
      <subfield code="a">447 p. ;</subfield>
      <subfield code="c">18 cm</subfield>
    </datafield>
    <datafield tag="852" ind1=" " ind2=" ">
      <subfield code="a">GY1</subfield>
      <subfield code="b">GY1</subfield>
      <subfield code="x">266235</subfield>
    </datafield>
  </record>