
  <record>
    <leader>01693fam  2200481 i 4500</leader>
    <controlfield tag="001">MOKKAZ0006329136  </controlfield>
    <controlfield tag="005">20091109063419.0</controlfield>
    <controlfield tag="008">950719s1995    hu rb         001 0 hun d</controlfield>
    <datafield tag="020" ind1=" " ind2=" ">
      <subfield code="a">963-8086-32-7 (kötött) :</subfield>
      <subfield code="c">1200,- Ft</subfield>
    </datafield>
    <datafield tag="035" ind1=" " ind2=" ">
      <subfield code="a">139147</subfield>
    </datafield>
    <datafield tag="040" ind1=" " ind2=" ">
      <subfield code="a">OSZK</subfield>
    </datafield>
    <datafield tag="041" ind1="1" ind2=" ">
      <subfield code="a">hunhun</subfield>
      <subfield code="h">ita</subfield>
    </datafield>
    <datafield tag="100" ind1="1" ind2=" ">
      <subfield code="a">Cusin, Lella</subfield>
    </datafield>
    <datafield tag="245" ind1="1" ind2="0">
      <subfield code="a">1000 kérdés a híres emberekről /</subfield>
      <subfield code="c">[írta Lella Cusin és Grazia Delmati] ; [ford. Goják Éva] ; [graf. Maurizio Bajetti]</subfield>
    </datafield>
    <datafield tag="246" ind1="1" ind2="3">
      <subfield code="a">1000 kérdés híres emberekről (borító- és gerinccím)</subfield>
    </datafield>
    <datafield tag="260" ind1=" " ind2=" ">
      <subfield code="a">[Pécs] :</subfield>
      <subfield code="b">Alexandra,</subfield>
      <subfield code="c">[1995]</subfield>
      <subfield code="e">(Slovakia</subfield>
      <subfield code="f">[s.n.])</subfield>
    </datafield>
    <datafield tag="300" ind1=" " ind2=" ">
      <subfield code="a">188, [4] p. :</subfield>
      <subfield code="b">ill., színes ;</subfield>
      <subfield code="c">27 cm</subfield>
    </datafield>
    <datafield tag="650" ind1=" " ind2="7">
      <subfield code="a">Művelődéstörténet</subfield>
      <subfield code="x">népszerű</subfield>
      <subfield code="2">szte</subfield>
    </datafield>
    <datafield tag="650" ind1=" " ind2="7">
      <subfield code="a">Életrajzok</subfield>
      <subfield code="x">népszerű</subfield>
      <subfield code="2">szte</subfield>
    </datafield>
    <datafield tag="650" ind1=" " ind2="4">
      <subfield code="a">Életrajzok [Gyermekirod.]</subfield>
    </datafield>
    <datafield tag="650" ind1=" " ind2="4">
      <subfield code="a">világtörténelem - életrajzok</subfield>
    </datafield>
    <datafield tag="650" ind1=" " ind2="4">
      <subfield code="a">felfedezők - életrajzok</subfield>
    </datafield>
    <datafield tag="650" ind1=" " ind2="4">
      <subfield code="a">tudósok - életrajzok</subfield>
    </datafield>
    <datafield tag="650" ind1=" " ind2="4">
      <subfield code="a">művészek - életrajzok</subfield>
    </datafield>
    <datafield tag="650" ind1=" " ind2="4">
      <subfield code="a">politikusok - életrajzok</subfield>
    </datafield>
    <datafield tag="650" ind1=" " ind2="4">
      <subfield code="a">Világtörténet</subfield>
    </datafield>
    <datafield tag="650" ind1=" " ind2="4">
      <subfield code="a">Életrajz</subfield>
    </datafield>
    <datafield tag="650" ind1=" " ind2="4">
      <subfield code="a">Híres ember</subfield>
    </datafield>
    <datafield tag="650" ind1=" " ind2="4">
      <subfield code="a">Történelmi személy</subfield>
    </datafield>
    <datafield tag="650" ind1=" " ind2="4">
      <subfield code="a">Kérdés</subfield>
    </datafield>
    <datafield tag="650" ind1=" " ind2="4">
      <subfield code="a">Ifjúsági irodalom</subfield>
    </datafield>
    <datafield tag="650" ind1=" " ind2="4">
      <subfield code="a">Képeskönyv</subfield>
    </datafield>
    <datafield tag="700" ind1="1" ind2="0">
      <subfield code="a">Delmati, Grazia</subfield>
    </datafield>
    <datafield tag="700" ind1="1" ind2=" ">
      <subfield code="a">Goják Éva</subfield>
      <subfield code="4">(ford.)</subfield>
    </datafield>
    <datafield tag="700" ind1="1" ind2=" ">
      <subfield code="a">Bajetti, Maurizio</subfield>
      <subfield code="4">(ill.)</subfield>
    </datafield>
    <datafield tag="852" ind1=" " ind2=" ">
      <subfield code="a">B1</subfield>
      <subfield code="b">B1</subfield>
      <subfield code="x">139147</subfield>
    </datafield>
    <datafield tag="852" ind1=" " ind2=" ">
      <subfield code="a">B10</subfield>
      <subfield code="B">0801G</subfield>
      <subfield code="B">1308</subfield>
      <subfield code="B">1104</subfield>
      <subfield code="B">1105</subfield>
      <subfield code="B">1201</subfield>
      <subfield code="B">0305</subfield>
      <subfield code="B">0204</subfield>
      <subfield code="B">0307C</subfield>
      <subfield code="B">0202</subfield>
      <subfield code="B">1704</subfield>
      <subfield code="B">1004</subfield>
      <subfield code="B">1402</subfield>
      <subfield code="b">1601</subfield>
      <subfield code="x">bibFSZ00119081</subfield>
    </datafield>
    <datafield tag="852" ind1=" " ind2=" ">
      <subfield code="a">SZ4</subfield>
      <subfield code="b">SZ4</subfield>
      <subfield code="x">bibSOK00010823</subfield>
    </datafield>
    <datafield tag="852" ind1=" " ind2=" ">
      <subfield code="a">M2</subfield>
      <subfield code="b">M2</subfield>
      <subfield code="x">bibRFK00043264</subfield>
    </datafield>
    <datafield tag="852" ind1=" " ind2=" ">
      <subfield code="a">H1</subfield>
      <subfield code="b">H1</subfield>
      <subfield code="x">NLVK836486</subfield>
    </datafield>
    <datafield tag="852" ind1=" " ind2=" ">
      <subfield code="a">BCS1</subfield>
      <subfield code="b">BCS1</subfield>
      <subfield code="x">bibBKO00194773</subfield>
    </datafield>
    <datafield tag="852" ind1=" " ind2=" ">
      <subfield code="a">ST1</subfield>
      <subfield code="b">ST1</subfield>
      <subfield code="x">bibBBM112192</subfield>
    </datafield>
    <datafield tag="852" ind1=" " ind2=" ">
      <subfield code="a">B7</subfield>
      <subfield code="b">B7</subfield>
      <subfield code="x">101520</subfield>
    </datafield>
  </record>