
  <record>
    <leader>01129cam  22002411  4500</leader>
    <controlfield tag="001">MOKKAZ0004257556  </controlfield>
    <controlfield tag="005">20040910054117.0</controlfield>
    <controlfield tag="008">      s1996                        hun d</controlfield>
    <datafield tag="020" ind1=" " ind2=" ">
      <subfield code="a">963-8086-32-7-[!] (kötött) :</subfield>
    </datafield>
    <datafield tag="035" ind1=" " ind2=" ">
      <subfield code="a">bibFSZ00103127</subfield>
    </datafield>
    <datafield tag="040" ind1=" " ind2=" ">
      <subfield code="a">FSZEK</subfield>
    </datafield>
    <datafield tag="100" ind1="1" ind2=" ">
      <subfield code="a">Cusin, Lella</subfield>
    </datafield>
    <datafield tag="245" ind1="1" ind2="0">
      <subfield code="a">1000 kérdés a híres emberekről /</subfield>
      <subfield code="c">[írta Lella Cusin és Grazia Delmati] ; [ford. Goják Éva] ; [rajz. Giorgio Alisi et al.]</subfield>
    </datafield>
    <datafield tag="260" ind1=" " ind2=" ">
      <subfield code="a">[Pécs] :</subfield>
      <subfield code="b">Alexandra Kiadó,</subfield>
      <subfield code="c">[1996]</subfield>
    </datafield>
    <datafield tag="300" ind1=" " ind2=" ">
      <subfield code="a">188, [3] p. :</subfield>
      <subfield code="b">ill. ;</subfield>
      <subfield code="c">27 cm</subfield>
    </datafield>
    <datafield tag="500" ind1=" " ind2=" ">
      <subfield code="a">Borító- és gerinccím: 1000 kérdés híres emberekről</subfield>
    </datafield>
    <datafield tag="680" ind1=" " ind2="0">
      <subfield code="a">életrajz</subfield>
      <subfield code="a">biográfia</subfield>
      <subfield code="a">egyetemes, nemzetközi</subfield>
      <subfield code="a">nemzetközi, egyetemes</subfield>
      <subfield code="a">feladatgyűjtemény, példatár</subfield>
    </datafield>
    <datafield tag="680" ind1=" " ind2="0">
      <subfield code="a">művelődéstörténet</subfield>
      <subfield code="a">egyetemes, nemzetközi</subfield>
      <subfield code="a">nemzetközi, egyetemes</subfield>
      <subfield code="a">feladatgyűjtemény, példatár</subfield>
    </datafield>
    <datafield tag="700" ind1="1" ind2=" ">
      <subfield code="a">Delmati, Grazia</subfield>
    </datafield>
    <datafield tag="700" ind1="1" ind2=" ">
      <subfield code="a">Goják Éva</subfield>
      <subfield code="4">ford.</subfield>
    </datafield>
    <datafield tag="700" ind1="1" ind2=" ">
      <subfield code="a">Alisi, Giorgio</subfield>
      <subfield code="4">ill.</subfield>
    </datafield>
    <datafield tag="740" ind1=" " ind2=" ">
      <subfield code="a">1000 kérdés híres emberekről</subfield>
    </datafield>
    <datafield tag="852" ind1=" " ind2=" ">
      <subfield code="a">B10</subfield>
      <subfield code="B">1803</subfield>
      <subfield code="B">1901</subfield>
      <subfield code="B">1903</subfield>
      <subfield code="B">2002</subfield>
      <subfield code="B">2101</subfield>
      <subfield code="B">2105</subfield>
      <subfield code="B">0902</subfield>
      <subfield code="B">1308</subfield>
      <subfield code="B">0401</subfield>
      <subfield code="B">0602</subfield>
      <subfield code="B">0403</subfield>
      <subfield code="B">1004</subfield>
      <subfield code="B">1404</subfield>
      <subfield code="B">1401</subfield>
      <subfield code="B">1202</subfield>
      <subfield code="B">0203</subfield>
      <subfield code="B">0204</subfield>
      <subfield code="B">0302</subfield>
      <subfield code="b">0305</subfield>
      <subfield code="x">bibFSZ00103127</subfield>
    </datafield>
  </record>