
  <record>
    <leader>00687nam  2200193 i 4500</leader>
    <controlfield tag="001">MOKKAS0002162382  </controlfield>
    <controlfield tag="005">20060617162143.0</controlfield>
    <controlfield tag="008">980330s1998    hu r          00000 hun g</controlfield>
    <datafield tag="020" ind1=" " ind2=" ">
      <subfield code="a">963 8086 32 7 [!] (kötött) :</subfield>
    </datafield>
    <datafield tag="035" ind1=" " ind2=" ">
      <subfield code="a">bibSOK00006744</subfield>
    </datafield>
    <datafield tag="040" ind1=" " ind2=" ">
      <subfield code="a">SK</subfield>
    </datafield>
    <datafield tag="100" ind1="1" ind2=" ">
      <subfield code="a">Cusin, Lella</subfield>
    </datafield>
    <datafield tag="245" ind1="1" ind2="0">
      <subfield code="a">1000 kérdés a híres emberekről /</subfield>
      <subfield code="c">[írta Lella Cusin és Grazia Delmati] ; [ford. Goják Éva]</subfield>
    </datafield>
    <datafield tag="260" ind1=" " ind2=" ">
      <subfield code="a">[Pécs] :</subfield>
      <subfield code="b">Alexandra,</subfield>
      <subfield code="c">[1998]</subfield>
      <subfield code="e">(Debrecen :</subfield>
      <subfield code="f">Kinizsi Ny.)</subfield>
    </datafield>
    <datafield tag="300" ind1=" " ind2=" ">
      <subfield code="a">188 p. :</subfield>
      <subfield code="b">ill., főként színes ;</subfield>
      <subfield code="c">27 cm</subfield>
    </datafield>
    <datafield tag="650" ind1=" " ind2="7">
      <subfield code="a">Művelődéstörténet</subfield>
      <subfield code="x">népszerű</subfield>
      <subfield code="2">szte</subfield>
    </datafield>
    <datafield tag="650" ind1=" " ind2="7">
      <subfield code="a">Életrajzok</subfield>
      <subfield code="x">népszerű</subfield>
      <subfield code="2">szte</subfield>
    </datafield>
    <datafield tag="700" ind1="1" ind2=" ">
      <subfield code="a">Delmati, Grazia</subfield>
    </datafield>
    <datafield tag="852" ind1=" " ind2=" ">
      <subfield code="a">SZ4</subfield>
      <subfield code="b">SZ4</subfield>
      <subfield code="x">bibSOK00006744</subfield>
    </datafield>
  </record>