
  <record>
    <leader>00958cam  22002298  4500</leader>
    <controlfield tag="001">MOKKAZ0004286333  </controlfield>
    <controlfield tag="005">20040910055556.0</controlfield>
    <controlfield tag="008">      s1998                        hun d</controlfield>
    <datafield tag="020" ind1=" " ind2=" ">
      <subfield code="a">963-367-351-7 [!ISBN 963-367-351-8] (kötött) :</subfield>
      <subfield code="c">1000,- Ft</subfield>
    </datafield>
    <datafield tag="035" ind1=" " ind2=" ">
      <subfield code="a">bibFSZ00131939</subfield>
    </datafield>
    <datafield tag="040" ind1=" " ind2=" ">
      <subfield code="a">FSZEK</subfield>
    </datafield>
    <datafield tag="130" ind1=" " ind2=" ">
      <subfield code="a">Usborne introduction to biology, chemistry, physics, electronics</subfield>
    </datafield>
    <datafield tag="245" ind1="0" ind2="0">
      <subfield code="a">1000 kérdés a tudományok világából /</subfield>
      <subfield code="c">[ford. Goják Éva]</subfield>
    </datafield>
    <datafield tag="260" ind1=" " ind2=" ">
      <subfield code="a">[Pécs] :</subfield>
      <subfield code="b">Alexandra Kiadó,</subfield>
      <subfield code="c">[1998]</subfield>
    </datafield>
    <datafield tag="300" ind1=" " ind2=" ">
      <subfield code="a">191 p. :</subfield>
      <subfield code="b">ill. ;</subfield>
      <subfield code="c">27 cm</subfield>
    </datafield>
    <datafield tag="650" ind1=" " ind2="4">
      <subfield code="a">Természettudományok [Gyermekirod.]</subfield>
    </datafield>
    <datafield tag="680" ind1=" " ind2="0">
      <subfield code="a">természettudományok</subfield>
      <subfield code="a">gyermekkönyv</subfield>
    </datafield>
    <datafield tag="680" ind1=" " ind2="0">
      <subfield code="a">elektronika</subfield>
      <subfield code="a">gyermekkönyv</subfield>
    </datafield>
    <datafield tag="700" ind1="1" ind2=" ">
      <subfield code="a">Goják Éva</subfield>
      <subfield code="4">ford.</subfield>
    </datafield>
    <datafield tag="852" ind1=" " ind2=" ">
      <subfield code="a">B10</subfield>
      <subfield code="B">0801G</subfield>
      <subfield code="B">1803</subfield>
      <subfield code="B">1901</subfield>
      <subfield code="B">2002</subfield>
      <subfield code="B">2101</subfield>
      <subfield code="B">2104</subfield>
      <subfield code="B">1308</subfield>
      <subfield code="B">0602</subfield>
      <subfield code="B">0401</subfield>
      <subfield code="B">0101</subfield>
      <subfield code="B">1105</subfield>
      <subfield code="B">1103</subfield>
      <subfield code="B">1106</subfield>
      <subfield code="B">1202</subfield>
      <subfield code="B">0204</subfield>
      <subfield code="B">0307C</subfield>
      <subfield code="B">0305</subfield>
      <subfield code="B">1404</subfield>
      <subfield code="B">1401</subfield>
      <subfield code="B">1402</subfield>
      <subfield code="B">1602</subfield>
      <subfield code="b">1501</subfield>
      <subfield code="x">bibFSZ00131939</subfield>
    </datafield>
    <datafield tag="852" ind1=" " ind2=" ">
      <subfield code="a">M2</subfield>
      <subfield code="b">M2</subfield>
      <subfield code="x">bibRFK00030375</subfield>
    </datafield>
    <datafield tag="852" ind1=" " ind2=" ">
      <subfield code="a">SZL1</subfield>
      <subfield code="b">SZL1</subfield>
      <subfield code="x">bibVFK00191528</subfield>
    </datafield>
  </record>