
  <record>
    <leader>00650nam  2200193 i 4500</leader>
    <controlfield tag="001">MOKKAS0003378198  </controlfield>
    <controlfield tag="005">20060605090946.0</controlfield>
    <controlfield tag="008">050101s2004                            d</controlfield>
    <datafield tag="020" ind1=" " ind2=" ">
      <subfield code="a">963-684-089-X (fűzött)</subfield>
    </datafield>
    <datafield tag="035" ind1=" " ind2=" ">
      <subfield code="a">659676</subfield>
    </datafield>
    <datafield tag="040" ind1=" " ind2=" ">
      <subfield code="a">KKMK</subfield>
    </datafield>
    <datafield tag="245" ind1="0" ind2="0">
      <subfield code="a">1000 kérdés - ezer válasz /</subfield>
      <subfield code="c">[szöveg] Nicola Baxter ; [közrem.társ] Amanda Hawkes</subfield>
    </datafield>
    <datafield tag="260" ind1=" " ind2=" ">
      <subfield code="a">Kaposvár :</subfield>
      <subfield code="b">Holló és Társa Kiadó,</subfield>
      <subfield code="c">[2004]</subfield>
    </datafield>
    <datafield tag="300" ind1=" " ind2=" ">
      <subfield code="a">192 p. :</subfield>
      <subfield code="b">ill., főként színes ;</subfield>
      <subfield code="c">21 cm</subfield>
    </datafield>
    <datafield tag="650" ind1=" " ind2="4">
      <subfield code="a">általános enciklopédia</subfield>
    </datafield>
    <datafield tag="650" ind1=" " ind2="4">
      <subfield code="a">gyermekszakkönyv</subfield>
    </datafield>
    <datafield tag="700" ind1="1" ind2="0">
      <subfield code="a">Baxter Nicola</subfield>
      <subfield code="4">([szöveg])</subfield>
    </datafield>
    <datafield tag="700" ind1="1" ind2="0">
      <subfield code="a">Hawkes Amanda</subfield>
      <subfield code="4">([közrem.társ])</subfield>
    </datafield>
    <datafield tag="852" ind1=" " ind2=" ">
      <subfield code="a">GY1</subfield>
      <subfield code="b">GY1</subfield>
      <subfield code="x">659676</subfield>
    </datafield>
  </record>