
  <record>
    <leader>00857cam  2200253 i 4500</leader>
    <controlfield tag="001">MOKKAS0003747494  </controlfield>
    <controlfield tag="005">20060615044642.0</controlfield>
    <controlfield tag="008">      c19951995hu a          00110 hun d</controlfield>
    <datafield tag="020" ind1=" " ind2=" ">
      <subfield code="a">963 8086 77 7 (kötött)</subfield>
      <subfield code="z">963 8409 18 5</subfield>
    </datafield>
    <datafield tag="035" ind1=" " ind2=" ">
      <subfield code="a">bibTMK73821</subfield>
    </datafield>
    <datafield tag="040" ind1=" " ind2=" ">
      <subfield code="a">IGYUK</subfield>
    </datafield>
    <datafield tag="041" ind1="1" ind2=" ">
      <subfield code="a">hun</subfield>
      <subfield code="h">ita</subfield>
    </datafield>
    <datafield tag="245" ind1="0" ind2="0">
      <subfield code="a">1000  kérdés - 1000 válasz /</subfield>
      <subfield code="c">[ford. Goják Éva]</subfield>
    </datafield>
    <datafield tag="260" ind1=" " ind2=" ">
      <subfield code="a">[Pécs] :</subfield>
      <subfield code="b">Alexandra,</subfield>
      <subfield code="c">cop. 1995</subfield>
    </datafield>
    <datafield tag="300" ind1=" " ind2=" ">
      <subfield code="a">191 p. :</subfield>
      <subfield code="b">ill., színes ;</subfield>
      <subfield code="c">26 cm</subfield>
    </datafield>
    <datafield tag="500" ind1=" " ind2=" ">
      <subfield code="a">Tárgymutató: p. 190-191.</subfield>
    </datafield>
    <datafield tag="650" ind1=" " ind2="4">
      <subfield code="a">Kérdések és válaszok gyermekeknek</subfield>
    </datafield>
    <datafield tag="650" ind1=" " ind2="4">
      <subfield code="a">Civilizáció</subfield>
      <subfield code="x">történet</subfield>
    </datafield>
    <datafield tag="650" ind1=" " ind2="4">
      <subfield code="a">Tudomány</subfield>
      <subfield code="x">ifjúsági irodalom</subfield>
      <subfield code="x">illusztrált művek</subfield>
    </datafield>
    <datafield tag="650" ind1=" " ind2="4">
      <subfield code="a">Technológia</subfield>
      <subfield code="x">ifjúsági irodalom</subfield>
    </datafield>
    <datafield tag="650" ind1=" " ind2="4">
      <subfield code="a">Természet</subfield>
      <subfield code="x">ifjúsági irodalom</subfield>
    </datafield>
    <datafield tag="650" ind1=" " ind2="4">
      <subfield code="a">Világűr</subfield>
      <subfield code="x">ifjúsági irodalom</subfield>
    </datafield>
    <datafield tag="700" ind1="1" ind2=" ">
      <subfield code="a">Goják Éva</subfield>
    </datafield>
    <datafield tag="852" ind1=" " ind2=" ">
      <subfield code="a">SZK1</subfield>
      <subfield code="b">SZK1</subfield>
      <subfield code="x">bibTMK73821</subfield>
    </datafield>
  </record>