
  <record>
    <leader>00862nam  2200277 i 4500</leader>
    <controlfield tag="001">MOKKAZ0003305227  </controlfield>
    <controlfield tag="005">20040909175527.0</controlfield>
    <controlfield tag="008">      s1995    hu a          00010 hun d</controlfield>
    <datafield tag="020" ind1=" " ind2=" ">
      <subfield code="a">963 8409 18 5</subfield>
    </datafield>
    <datafield tag="035" ind1=" " ind2=" ">
      <subfield code="a">bibKLT00018840</subfield>
    </datafield>
    <datafield tag="040" ind1=" " ind2=" ">
      <subfield code="a">DEENK</subfield>
    </datafield>
    <datafield tag="041" ind1=" " ind2="1">
      <subfield code="a">hun</subfield>
      <subfield code="h">ita</subfield>
    </datafield>
    <datafield tag="245" ind1="0" ind2="0">
      <subfield code="a">1000  kérdés - 1000 válasz /</subfield>
      <subfield code="c">[ford. Goják Éva]</subfield>
    </datafield>
    <datafield tag="260" ind1="0" ind2=" ">
      <subfield code="a">[Kozármislény] :</subfield>
      <subfield code="b">Alexandra,</subfield>
      <subfield code="c">1995</subfield>
    </datafield>
    <datafield tag="300" ind1=" " ind2=" ">
      <subfield code="a">191 p. :</subfield>
      <subfield code="b">ill. ;</subfield>
      <subfield code="c">26 cm</subfield>
    </datafield>
    <datafield tag="650" ind1=" " ind2="4">
      <subfield code="a">Civilizáció</subfield>
      <subfield code="x">történet</subfield>
      <subfield code="x">ifjúsági irodalom</subfield>
    </datafield>
    <datafield tag="650" ind1=" " ind2="4">
      <subfield code="a">Tudomány</subfield>
      <subfield code="x">ifjúsági irodalom</subfield>
    </datafield>
    <datafield tag="650" ind1=" " ind2="0">
      <subfield code="a">Civilization</subfield>
      <subfield code="x">History</subfield>
      <subfield code="x">Juvenile literature.</subfield>
    </datafield>
    <datafield tag="650" ind1=" " ind2="0">
      <subfield code="a">Science</subfield>
      <subfield code="x">Juvenile literature.</subfield>
    </datafield>
    <datafield tag="650" ind1=" " ind2="4">
      <subfield code="a">Civilizációtörténet</subfield>
    </datafield>
    <datafield tag="650" ind1=" " ind2="4">
      <subfield code="a">Tudomány</subfield>
    </datafield>
    <datafield tag="650" ind1=" " ind2="4">
      <subfield code="a">Enciklopédia</subfield>
    </datafield>
    <datafield tag="650" ind1=" " ind2="4">
      <subfield code="a">Ifjúsági irodalom</subfield>
    </datafield>
    <datafield tag="700" ind1="1" ind2=" ">
      <subfield code="a">Goják Éva</subfield>
    </datafield>
    <datafield tag="852" ind1=" " ind2=" ">
      <subfield code="a">D1</subfield>
      <subfield code="b">D1</subfield>
      <subfield code="x">bibKLT00018840</subfield>
    </datafield>
    <datafield tag="852" ind1=" " ind2=" ">
      <subfield code="a">ST1</subfield>
      <subfield code="b">ST1</subfield>
      <subfield code="x">bibBBM54665</subfield>
    </datafield>
  </record>