
  <record>
    <leader>01175fam  2200325 i 4500</leader>
    <controlfield tag="001">MOKKAZ0006373183  </controlfield>
    <controlfield tag="005">20100608094635.0</controlfield>
    <controlfield tag="008">990106s1998    hu r          001 0dhun d</controlfield>
    <datafield tag="020" ind1=" " ind2=" ">
      <subfield code="a">963-8086-32-7 (kötött)</subfield>
    </datafield>
    <datafield tag="035" ind1=" " ind2=" ">
      <subfield code="a">334471</subfield>
    </datafield>
    <datafield tag="040" ind1=" " ind2=" ">
      <subfield code="a">OSZK</subfield>
    </datafield>
    <datafield tag="041" ind1="1" ind2=" ">
      <subfield code="a">hunhun</subfield>
      <subfield code="h">ita</subfield>
    </datafield>
    <datafield tag="080" ind1=" " ind2=" ">
      <subfield code="a">929(100)(031)</subfield>
    </datafield>
    <datafield tag="100" ind1="1" ind2=" ">
      <subfield code="a">Cusin, Lella</subfield>
    </datafield>
    <datafield tag="245" ind1="1" ind2="0">
      <subfield code="a">1000 kérdés híres emberekről /</subfield>
      <subfield code="c">[írta Lella Cusin és Grazia Delmati] ; [ford. Goják Éva] ; [graf. Maurizio Bajetti]</subfield>
    </datafield>
    <datafield tag="260" ind1=" " ind2=" ">
      <subfield code="a">[Pécs] :</subfield>
      <subfield code="b">Alexandra,</subfield>
      <subfield code="c">[1998]</subfield>
      <subfield code="e">(Slovakia</subfield>
      <subfield code="f">[s.n.])</subfield>
    </datafield>
    <datafield tag="300" ind1=" " ind2=" ">
      <subfield code="a">188, [3] p. :</subfield>
      <subfield code="b">ill., színes ;</subfield>
      <subfield code="c">27 cm</subfield>
    </datafield>
    <datafield tag="650" ind1=" " ind2="4">
      <subfield code="a">Világtörténet</subfield>
      <subfield code="x">életrajz</subfield>
    </datafield>
    <datafield tag="650" ind1=" " ind2="0">
      <subfield code="a">World history</subfield>
      <subfield code="x">Biography.</subfield>
    </datafield>
    <datafield tag="650" ind1=" " ind2="7">
      <subfield code="a">Világtörténet</subfield>
      <subfield code="x">életrajz</subfield>
      <subfield code="2">lcsh//hun</subfield>
    </datafield>
    <datafield tag="650" ind1=" " ind2="7">
      <subfield code="a">Művelődéstörténet</subfield>
      <subfield code="x">népszerű</subfield>
      <subfield code="2">szte</subfield>
    </datafield>
    <datafield tag="650" ind1=" " ind2="7">
      <subfield code="a">Híres emberek</subfield>
      <subfield code="x">életrajz</subfield>
      <subfield code="2">szte</subfield>
    </datafield>
    <datafield tag="700" ind1="1" ind2="0">
      <subfield code="a">Delmati, Grazia</subfield>
    </datafield>
    <datafield tag="700" ind1="1" ind2=" ">
      <subfield code="a">Goják Éva</subfield>
      <subfield code="4">(ford.)</subfield>
    </datafield>
    <datafield tag="700" ind1="1" ind2=" ">
      <subfield code="a">Bajetti, Maurizio</subfield>
      <subfield code="4">(ill.)</subfield>
    </datafield>
    <datafield tag="852" ind1=" " ind2=" ">
      <subfield code="a">B1</subfield>
      <subfield code="b">B1</subfield>
      <subfield code="x">334471</subfield>
    </datafield>
    <datafield tag="852" ind1=" " ind2=" ">
      <subfield code="a">D1</subfield>
      <subfield code="b">HBO8</subfield>
      <subfield code="b">D1</subfield>
      <subfield code="x">334471</subfield>
    </datafield>
    <datafield tag="852" ind1=" " ind2=" ">
      <subfield code="a">B10</subfield>
      <subfield code="B">0101</subfield>
      <subfield code="B">1105</subfield>
      <subfield code="B">1106</subfield>
      <subfield code="B">1103</subfield>
      <subfield code="B">2201</subfield>
      <subfield code="B">2203</subfield>
      <subfield code="B">2104</subfield>
      <subfield code="B">1307</subfield>
      <subfield code="B">0802</subfield>
      <subfield code="b">1602</subfield>
      <subfield code="x">bibFSZ00151066</subfield>
    </datafield>
    <datafield tag="852" ind1=" " ind2=" ">
      <subfield code="a">SZK1</subfield>
      <subfield code="b">SZK1</subfield>
      <subfield code="x">bibTMK114159</subfield>
    </datafield>
    <datafield tag="852" ind1=" " ind2=" ">
      <subfield code="a">SZ1</subfield>
      <subfield code="b">SZ1/R3</subfield>
      <subfield code="x">bibJGYx23584</subfield>
    </datafield>
  </record>