
  <record>
    <leader>00554nama 22001691i 4500</leader>
    <controlfield tag="001">MOKKAS0000491441  </controlfield>
    <controlfield tag="005">20060117191036.0</controlfield>
    <controlfield tag="008">040730s1964    hu            000 0 hunod</controlfield>
    <datafield tag="035" ind1=" " ind2=" ">
      <subfield code="a">1250219</subfield>
    </datafield>
    <datafield tag="040" ind1=" " ind2=" ">
      <subfield code="a">OSZK</subfield>
    </datafield>
    <datafield tag="041" ind1="0" ind2=" ">
      <subfield code="a">hunhun</subfield>
    </datafield>
    <datafield tag="245" ind1="0" ind2="0">
      <subfield code="a">1000 kérdés - felelet a technika világából /</subfield>
      <subfield code="c">[szerk. Pap János] ; [ill. Kassowitz Félix]</subfield>
    </datafield>
    <datafield tag="260" ind1=" " ind2=" ">
      <subfield code="a">Budapest :</subfield>
      <subfield code="b">Műszaki Kiadó,</subfield>
      <subfield code="c">[1964]</subfield>
      <subfield code="e">(Budapest</subfield>
      <subfield code="f">Franklin Ny.)</subfield>
    </datafield>
    <datafield tag="300" ind1=" " ind2=" ">
      <subfield code="a">447 p. ;</subfield>
      <subfield code="c">18 cm</subfield>
    </datafield>
    <datafield tag="700" ind1="1" ind2=" ">
      <subfield code="a">Kassowitz Félix</subfield>
      <subfield code="d">(1907-1983)</subfield>
      <subfield code="4">(ill.)</subfield>
    </datafield>
    <datafield tag="700" ind1="1" ind2=" ">
      <subfield code="a">Pap János</subfield>
      <subfield code="4">(szerk.)</subfield>
    </datafield>
    <datafield tag="852" ind1=" " ind2=" ">
      <subfield code="a">B1</subfield>
      <subfield code="b">B1</subfield>
      <subfield code="x">1250219</subfield>
    </datafield>
  </record>