
  <record>
    <leader>00833cam  22002771  4500</leader>
    <controlfield tag="001">MOKKAZ0004218084  </controlfield>
    <controlfield tag="005">20040910052049.0</controlfield>
    <controlfield tag="008">      s1964                        und d</controlfield>
    <datafield tag="020" ind1=" " ind2=" ">
      <subfield code="a">(fűzött) :</subfield>
    </datafield>
    <datafield tag="035" ind1=" " ind2=" ">
      <subfield code="a">bibFSZ00063631</subfield>
    </datafield>
    <datafield tag="040" ind1=" " ind2=" ">
      <subfield code="a">FSZEK</subfield>
    </datafield>
    <datafield tag="093" ind1=" " ind2=" ">
      <subfield code="e">22301</subfield>
    </datafield>
    <datafield tag="245" ind1="0" ind2="0">
      <subfield code="a">1000 kérdés - felelet a technika világából /</subfield>
      <subfield code="c">[szerk. Pap János] ; [ill. Kassowitz Félix]</subfield>
    </datafield>
    <datafield tag="260" ind1=" " ind2=" ">
      <subfield code="a">Budapest :</subfield>
      <subfield code="b">Műszaki Könyvkiadó,</subfield>
      <subfield code="c">1964</subfield>
    </datafield>
    <datafield tag="300" ind1=" " ind2=" ">
      <subfield code="a">447 p. ;</subfield>
      <subfield code="c">18 cm</subfield>
    </datafield>
    <datafield tag="650" ind1=" " ind2="4">
      <subfield code="a">Technika</subfield>
    </datafield>
    <datafield tag="650" ind1=" " ind2="4">
      <subfield code="a">Tudomány</subfield>
    </datafield>
    <datafield tag="650" ind1=" " ind2="4">
      <subfield code="a">Kérdés</subfield>
    </datafield>
    <datafield tag="650" ind1=" " ind2="4">
      <subfield code="a">Ismeretterjesztés</subfield>
    </datafield>
    <datafield tag="680" ind1=" " ind2="0">
      <subfield code="x">62/69</subfield>
      <subfield code="x">(025)</subfield>
    </datafield>
    <datafield tag="680" ind1=" " ind2="0">
      <subfield code="x">53/54</subfield>
      <subfield code="x">(025)</subfield>
    </datafield>
    <datafield tag="700" ind1="1" ind2=" ">
      <subfield code="a">Pap János</subfield>
      <subfield code="4">szerk.</subfield>
    </datafield>
    <datafield tag="700" ind1="1" ind2=" ">
      <subfield code="a">Kassovitz Félix</subfield>
      <subfield code="4">ill.</subfield>
    </datafield>
    <datafield tag="852" ind1=" " ind2=" ">
      <subfield code="a">B10</subfield>
      <subfield code="B">1105</subfield>
      <subfield code="B">0302</subfield>
      <subfield code="B">0801</subfield>
      <subfield code="B">2101</subfield>
      <subfield code="B">1004</subfield>
      <subfield code="b">0802</subfield>
      <subfield code="x">bibFSZ00063631</subfield>
    </datafield>
    <datafield tag="852" ind1=" " ind2=" ">
      <subfield code="a">H1</subfield>
      <subfield code="b">H1</subfield>
      <subfield code="x">NLVK92255</subfield>
    </datafield>
    <datafield tag="852" ind1=" " ind2=" ">
      <subfield code="a">ST1</subfield>
      <subfield code="b">ST1</subfield>
      <subfield code="x">bibBBM222222</subfield>
    </datafield>
  </record>