
  <record>
    <leader>01071nam  2200325   4500</leader>
    <controlfield tag="001">MOKKAW0005477076ac</controlfield>
    <controlfield tag="005">20080418021007.0</controlfield>
    <controlfield tag="008">070928s2007           f            hun d</controlfield>
    <datafield tag="020" ind1=" " ind2=" ">
      <subfield code="a">978-963-9534-76-6 (fűzött) :</subfield>
    </datafield>
    <datafield tag="020" ind1=" " ind2=" ">
      <subfield code="a">0-19-430940-1</subfield>
    </datafield>
    <datafield tag="035" ind1=" " ind2=" ">
      <subfield code="a">bibFSZ01373814</subfield>
    </datafield>
    <datafield tag="040" ind1=" " ind2=" ">
      <subfield code="a">FSZEK</subfield>
    </datafield>
    <datafield tag="041" ind1=" " ind2=" ">
      <subfield code="a">huneng</subfield>
    </datafield>
    <datafield tag="100" ind1="1" ind2=" ">
      <subfield code="a">Sutzer, Craig</subfield>
    </datafield>
    <datafield tag="240" ind1=" " ind2="0">
      <subfield code="a">1000 retail graphics</subfield>
    </datafield>
    <datafield tag="245" ind1="1" ind2="0">
      <subfield code="a">1000 kereskedelmi grafika :</subfield>
      <subfield code="b">a feliratoktól a logókig és minden, ami in-store /</subfield>
      <subfield code="c">[ford. Nagy Márta]</subfield>
    </datafield>
    <datafield tag="260" ind1=" " ind2=" ">
      <subfield code="a">Budapest :</subfield>
      <subfield code="b">Scolar,</subfield>
      <subfield code="c">cop. 2007</subfield>
    </datafield>
    <datafield tag="300" ind1=" " ind2=" ">
      <subfield code="a">320 p. :</subfield>
      <subfield code="b">ill. ;</subfield>
      <subfield code="c">24x24 cm</subfield>
    </datafield>
    <datafield tag="490" ind1="1" ind2=" ">
      <subfield code="a">(Scolar design,</subfield>
      <subfield code="x">1788-5841)</subfield>
    </datafield>
    <datafield tag="500" ind1=" " ind2=" ">
      <subfield code="a">A szerző: Sutzer, Craig</subfield>
    </datafield>
    <datafield tag="546" ind1=" " ind2=" ">
      <subfield code="a">A gyűjtemény eredeti angol nyelven</subfield>
    </datafield>
    <datafield tag="650" ind1=" " ind2="7">
      <subfield code="a">Grafika</subfield>
      <subfield code="x">alkalmazott</subfield>
      <subfield code="2">szte</subfield>
    </datafield>
    <datafield tag="650" ind1=" " ind2="7">
      <subfield code="a">Formatervezés</subfield>
      <subfield code="x">ipari</subfield>
      <subfield code="2">szte</subfield>
    </datafield>
    <datafield tag="650" ind1=" " ind2="7">
      <subfield code="a">Védjegy</subfield>
      <subfield code="x">világ országai</subfield>
      <subfield code="2">szte</subfield>
    </datafield>
    <datafield tag="650" ind1=" " ind2="7">
      <subfield code="a">Reklámgrafika</subfield>
      <subfield code="2">szte</subfield>
    </datafield>
    <datafield tag="700" ind1="1" ind2=" ">
      <subfield code="a">Nagy Márta</subfield>
      <subfield code="4">ford.</subfield>
    </datafield>
    <datafield tag="830" ind1=" " ind2="0">
      <subfield code="a">Scolar design</subfield>
    </datafield>
    <datafield tag="852" ind1=" " ind2=" ">
      <subfield code="a">B10</subfield>
      <subfield code="b">B10</subfield>
      <subfield code="x">bibFSZ01373792</subfield>
    </datafield>
    <datafield tag="852" ind1=" " ind2=" ">
      <subfield code="a">B10</subfield>
      <subfield code="b">B10</subfield>
      <subfield code="x">bibFSZ01373814</subfield>
    </datafield>
    <datafield tag="852" ind1=" " ind2=" ">
      <subfield code="a">SZ4</subfield>
      <subfield code="b">SZ4/K1</subfield>
      <subfield code="x">bibSOK00423039</subfield>
    </datafield>
  </record>