
  <record>
    <leader>00474nam  2200181 i 4500</leader>
    <controlfield tag="001">MOKKAS0003523134  </controlfield>
    <controlfield tag="005">20060606025554.0</controlfield>
    <controlfield tag="008">050714s1966                            d</controlfield>
    <datafield tag="035" ind1=" " ind2=" ">
      <subfield code="a">610967</subfield>
    </datafield>
    <datafield tag="040" ind1=" " ind2=" ">
      <subfield code="a">OIK</subfield>
    </datafield>
    <datafield tag="100" ind1="1" ind2=" ">
      <subfield code="a">Pleavă-Preda, Ion</subfield>
    </datafield>
    <datafield tag="245" ind1="1" ind2="0">
      <subfield code="a">1000 km în jurul arcului carpatic</subfield>
    </datafield>
    <datafield tag="260" ind1=" " ind2=" ">
      <subfield code="a">Bucureşti :</subfield>
      <subfield code="b">Meridiane,</subfield>
      <subfield code="c">1966</subfield>
    </datafield>
    <datafield tag="300" ind1=" " ind2=" ">
      <subfield code="a">105 p.</subfield>
    </datafield>
    <datafield tag="490" ind1="1" ind2=" ">
      <subfield code="a">Itinerare turistice</subfield>
    </datafield>
    <datafield tag="700" ind1="1" ind2=" ">
      <subfield code="a">Petrescu, Gogu</subfield>
    </datafield>
    <datafield tag="830" ind1=" " ind2="0">
      <subfield code="a">Itinerare turistice</subfield>
    </datafield>
    <datafield tag="852" ind1=" " ind2=" ">
      <subfield code="a">B14</subfield>
      <subfield code="b">B14</subfield>
      <subfield code="x">610967</subfield>
    </datafield>
  </record>