
  <record>
    <leader>00650cam  2200217 i 4500</leader>
    <controlfield tag="001">MOKKAN0004181794  </controlfield>
    <controlfield tag="005">20070314215516.0</controlfield>
    <controlfield tag="008">051107s2005    gw a          00010 ger d</controlfield>
    <datafield tag="020" ind1=" " ind2=" ">
      <subfield code="a">3 446 22712 1</subfield>
    </datafield>
    <datafield tag="035" ind1=" " ind2=" ">
      <subfield code="a">213291</subfield>
    </datafield>
    <datafield tag="040" ind1=" " ind2=" ">
      <subfield code="a">MEKLM</subfield>
    </datafield>
    <datafield tag="041" ind1="0" ind2=" ">
      <subfield code="a">ger</subfield>
    </datafield>
    <datafield tag="100" ind1="1" ind2=" ">
      <subfield code="a">Krahn, Heinrich</subfield>
    </datafield>
    <datafield tag="245" ind1="1" ind2="0">
      <subfield code="a">1000 Konstruktionsbeispiele für die Praxis /</subfield>
      <subfield code="c">Heinrich Krahn, Dieter Eh, Thomas Lauterbach</subfield>
    </datafield>
    <datafield tag="260" ind1=" " ind2=" ">
      <subfield code="a">München ;</subfield>
      <subfield code="b">Wien :</subfield>
      <subfield code="b">Hanser,</subfield>
      <subfield code="c">2005</subfield>
    </datafield>
    <datafield tag="300" ind1=" " ind2=" ">
      <subfield code="a">XXIII, 380 p. :</subfield>
      <subfield code="b">ill. ;</subfield>
      <subfield code="c">27 cm +</subfield>
      <subfield code="e">1 CD</subfield>
    </datafield>
    <datafield tag="504" ind1=" " ind2=" ">
      <subfield code="a">Bibliogr. p. 369-371.</subfield>
    </datafield>
    <datafield tag="650" ind1="0" ind2="4">
      <subfield code="a">készülékszerkesztés</subfield>
    </datafield>
    <datafield tag="700" ind1="1" ind2=" ">
      <subfield code="a">Lauterbach, Thomas</subfield>
    </datafield>
    <datafield tag="700" ind1="1" ind2=" ">
      <subfield code="a">Eh, Dieter</subfield>
    </datafield>
    <datafield tag="852" ind1=" " ind2=" ">
      <subfield code="a">M1</subfield>
      <subfield code="b">M1</subfield>
      <subfield code="x">213291</subfield>
    </datafield>
  </record>