
  <record>
    <leader>00589nama 22001691i 4500</leader>
    <controlfield tag="001">MOKKAS0000594250  </controlfield>
    <controlfield tag="005">20060118010448.0</controlfield>
    <controlfield tag="008">041001s1964    ua            000 0 ukrod</controlfield>
    <datafield tag="035" ind1=" " ind2=" ">
      <subfield code="a">1353071</subfield>
    </datafield>
    <datafield tag="040" ind1=" " ind2=" ">
      <subfield code="a">OSZK</subfield>
    </datafield>
    <datafield tag="041" ind1="0" ind2=" ">
      <subfield code="a">ukrukr</subfield>
    </datafield>
    <datafield tag="100" ind1="1" ind2=" ">
      <subfield code="a">Koval', Alla Petrovna</subfield>
    </datafield>
    <datafield tag="245" ind1="1" ind2="0">
      <subfield code="a">1000 krilatih virazìv ukraïnsʹkoï lìteraturnoï movi : </subfield>
      <subfield code="b">aforizmì, lìteraturnì citati odraznì virazi /</subfield>
      <subfield code="c">A. P. Kovalʹ, V. V. Koptilov</subfield>
    </datafield>
    <datafield tag="260" ind1=" " ind2=" ">
      <subfield code="a">Kiïv :</subfield>
      <subfield code="b">Naukova dumka,</subfield>
      <subfield code="c">1964</subfield>
    </datafield>
    <datafield tag="300" ind1=" " ind2=" ">
      <subfield code="a">670 p. ;</subfield>
      <subfield code="c">17 cm</subfield>
    </datafield>
    <datafield tag="700" ind1="1" ind2="0">
      <subfield code="a">Koptilov, Vìktor Vìktorovič</subfield>
      <subfield code="c">(cédulakatalógus alapján)</subfield>
    </datafield>
    <datafield tag="852" ind1=" " ind2=" ">
      <subfield code="a">B1</subfield>
      <subfield code="b">B1</subfield>
      <subfield code="x">1353071</subfield>
    </datafield>
  </record>