
  <record>
    <leader>00656nama 22001811i 4500</leader>
    <controlfield tag="001">MOKKAS0000625000  </controlfield>
    <controlfield tag="005">20060118053943.0</controlfield>
    <controlfield tag="008">041001s1970    pl            000 0 polod</controlfield>
    <datafield tag="035" ind1=" " ind2=" ">
      <subfield code="a">1383875</subfield>
    </datafield>
    <datafield tag="040" ind1=" " ind2=" ">
      <subfield code="a">OSZK</subfield>
    </datafield>
    <datafield tag="041" ind1="0" ind2=" ">
      <subfield code="a">polpol</subfield>
    </datafield>
    <datafield tag="100" ind1="1" ind2=" ">
      <subfield code="a">Felczak, Wacław</subfield>
    </datafield>
    <datafield tag="245" ind1="1" ind2="0">
      <subfield code="a">1000 lat związków polsko-węgierskich : </subfield>
      <subfield code="b">pansnwowe zbiory sztuki na Wawelu w 25. rocznie powstania Węgierskej Republiki Ludowej /</subfield>
      <subfield code="c">[tekst Waclaw Felczak, fotogr. G. Holics et al.]</subfield>
    </datafield>
    <datafield tag="260" ind1=" " ind2=" ">
      <subfield code="a">[Kraków] :</subfield>
      <subfield code="b">[s.n.],</subfield>
      <subfield code="c">[1970]</subfield>
    </datafield>
    <datafield tag="300" ind1=" " ind2=" ">
      <subfield code="a">30 p. ;</subfield>
      <subfield code="c">21 cm</subfield>
    </datafield>
    <datafield tag="546" ind1=" " ind2=" ">
      <subfield code="a">Magyar nyelvű összefoglalással</subfield>
    </datafield>
    <datafield tag="700" ind1="1" ind2="0">
      <subfield code="a">Holics Gyula</subfield>
      <subfield code="c">(cédulakatalógus alapján)</subfield>
    </datafield>
    <datafield tag="852" ind1=" " ind2=" ">
      <subfield code="a">B1</subfield>
      <subfield code="b">B1</subfield>
      <subfield code="x">1383875</subfield>
    </datafield>
  </record>