
  <record>
    <leader>00676nam  2200229 i 4500</leader>
    <controlfield tag="001">MOKKAW0005170789  </controlfield>
    <controlfield tag="005">20080313124512.0</controlfield>
    <controlfield tag="008">071020s2007    hu a          00010 hun d</controlfield>
    <datafield tag="020" ind1=" " ind2=" ">
      <subfield code="a">978 963 370 230 7</subfield>
    </datafield>
    <datafield tag="035" ind1=" " ind2=" ">
      <subfield code="a">bibJPT00458230</subfield>
    </datafield>
    <datafield tag="040" ind1=" " ind2=" ">
      <subfield code="a">PTE</subfield>
    </datafield>
    <datafield tag="041" ind1="1" ind2=" ">
      <subfield code="a">hun</subfield>
      <subfield code="h">ger</subfield>
    </datafield>
    <datafield tag="240" ind1="1" ind2="0">
      <subfield code="a">1000 Flugzeuge</subfield>
      <subfield code="l">(magyar)</subfield>
    </datafield>
    <datafield tag="245" ind1="0" ind2="0">
      <subfield code="a">1000 légi jármű /</subfield>
      <subfield code="c">[ford. Punka György, Zsille Péter]</subfield>
    </datafield>
    <datafield tag="246" ind1="1" ind2="4">
      <subfield code="a">Minden idők leghíresebb légi járművei</subfield>
    </datafield>
    <datafield tag="260" ind1=" " ind2=" ">
      <subfield code="a">Pécs :</subfield>
      <subfield code="b">Alexandra,</subfield>
      <subfield code="c">2007</subfield>
    </datafield>
    <datafield tag="300" ind1=" " ind2=" ">
      <subfield code="a">336 p. :</subfield>
      <subfield code="b">ill. ;</subfield>
      <subfield code="c">31 cm</subfield>
    </datafield>
    <datafield tag="504" ind1=" " ind2=" ">
      <subfield code="a">Bibliogr.: p. 334-336. p.</subfield>
    </datafield>
    <datafield tag="695" ind1=" " ind2=" ">
      <subfield code="a">Repülőgép</subfield>
    </datafield>
    <datafield tag="700" ind1="1" ind2=" ">
      <subfield code="a">Punka György</subfield>
    </datafield>
    <datafield tag="700" ind1="1" ind2=" ">
      <subfield code="a">Zsille Péter</subfield>
    </datafield>
    <datafield tag="852" ind1=" " ind2=" ">
      <subfield code="a">P1</subfield>
      <subfield code="b">P1</subfield>
      <subfield code="x">bibJPT00458230</subfield>
    </datafield>
  </record>