
  <record>
    <leader>00347nam  2200133 i 4500</leader>
    <controlfield tag="001">MOKKAS0003534039  </controlfield>
    <controlfield tag="005">20060606042605.0</controlfield>
    <controlfield tag="008">050714s1969                            d</controlfield>
    <datafield tag="035" ind1=" " ind2=" ">
      <subfield code="a">638182</subfield>
    </datafield>
    <datafield tag="040" ind1=" " ind2=" ">
      <subfield code="a">OIK</subfield>
    </datafield>
    <datafield tag="100" ind1="1" ind2=" ">
      <subfield code="a">Wustmann, Erich</subfield>
      <subfield code="d">(1907-)</subfield>
    </datafield>
    <datafield tag="245" ind1="1" ind2="0">
      <subfield code="a">1000 meilen im rentierschlitten</subfield>
    </datafield>
    <datafield tag="260" ind1=" " ind2=" ">
      <subfield code="a">Radebeul :</subfield>
      <subfield code="b">Neumann,</subfield>
      <subfield code="c">1969</subfield>
    </datafield>
    <datafield tag="852" ind1=" " ind2=" ">
      <subfield code="a">B14</subfield>
      <subfield code="b">B14</subfield>
      <subfield code="x">638182</subfield>
    </datafield>
  </record>