
  <record>
    <leader>00503nam  2200181 i 4500</leader>
    <controlfield tag="001">MOKKAZ0006307433  </controlfield>
    <controlfield tag="005">20040915190619.0</controlfield>
    <controlfield tag="008">930608s1992    hu            000 0 hun d</controlfield>
    <datafield tag="020" ind1=" " ind2=" ">
      <subfield code="a">963-450-033-1 (fűzött)</subfield>
    </datafield>
    <datafield tag="035" ind1=" " ind2=" ">
      <subfield code="a">37170</subfield>
    </datafield>
    <datafield tag="040" ind1=" " ind2=" ">
      <subfield code="a">OSZK</subfield>
    </datafield>
    <datafield tag="041" ind1="0" ind2=" ">
      <subfield code="a">hungerhunger</subfield>
    </datafield>
    <datafield tag="072" ind1=" " ind2="1">
      <subfield code="a">L</subfield>
    </datafield>
    <datafield tag="100" ind1="1" ind2=" ">
      <subfield code="a">Ujj András</subfield>
    </datafield>
    <datafield tag="245" ind1="1" ind2="0">
      <subfield code="a">1000 mondat németül /</subfield>
      <subfield code="c">Ujj András</subfield>
    </datafield>
    <datafield tag="260" ind1=" " ind2=" ">
      <subfield code="a">[Sopron] :</subfield>
      <subfield code="b">Szerző,</subfield>
      <subfield code="c">1992</subfield>
      <subfield code="e">(Sopron</subfield>
      <subfield code="f">S&amp;S)</subfield>
      <subfield code="e">(Szombathely</subfield>
      <subfield code="f">Szignatúra Kft.)</subfield>
    </datafield>
    <datafield tag="300" ind1=" " ind2=" ">
      <subfield code="a">62 p. ;</subfield>
      <subfield code="c">24 cm</subfield>
    </datafield>
    <datafield tag="852" ind1=" " ind2=" ">
      <subfield code="a">B1</subfield>
      <subfield code="b">B1</subfield>
      <subfield code="x">37170</subfield>
    </datafield>
  </record>