
  <record>
    <leader>00533nam  2200205 i 4500</leader>
    <controlfield tag="001">MOKKAS0003520876  </controlfield>
    <controlfield tag="005">20060606023552.0</controlfield>
    <controlfield tag="008">050714s1992                        ger d</controlfield>
    <datafield tag="035" ind1=" " ind2=" ">
      <subfield code="a">604030</subfield>
    </datafield>
    <datafield tag="040" ind1=" " ind2=" ">
      <subfield code="a">OIK</subfield>
    </datafield>
    <datafield tag="041" ind1="0" ind2=" ">
      <subfield code="a">gerhun</subfield>
    </datafield>
    <datafield tag="100" ind1="1" ind2=" ">
      <subfield code="a">Ujj András</subfield>
    </datafield>
    <datafield tag="245" ind1="1" ind2="0">
      <subfield code="a">1000 mondat németül /</subfield>
      <subfield code="c">Ujj András</subfield>
    </datafield>
    <datafield tag="250" ind1=" " ind2=" ">
      <subfield code="a">2. átdolg. kiad.</subfield>
    </datafield>
    <datafield tag="260" ind1=" " ind2=" ">
      <subfield code="a">[S.l.] :</subfield>
      <subfield code="b">Ujj A.,</subfield>
      <subfield code="c">1992</subfield>
    </datafield>
    <datafield tag="300" ind1=" " ind2=" ">
      <subfield code="a">62 p. ;</subfield>
      <subfield code="c">24 cm</subfield>
    </datafield>
    <datafield tag="650" ind1=" " ind2="4">
      <subfield code="a">Német nyelvkönyvek</subfield>
    </datafield>
    <datafield tag="650" ind1=" " ind2="4">
      <subfield code="a">Német kifejezések</subfield>
    </datafield>
    <datafield tag="650" ind1=" " ind2="4">
      <subfield code="a">Magyar kifejezések</subfield>
    </datafield>
    <datafield tag="852" ind1=" " ind2=" ">
      <subfield code="a">B14</subfield>
      <subfield code="b">B14</subfield>
      <subfield code="x">604030</subfield>
    </datafield>
  </record>