
  <record>
    <leader>00515nam  2200181 i 4500</leader>
    <controlfield tag="001">MOKKAS0003474212  </controlfield>
    <controlfield tag="005">20060605182921.0</controlfield>
    <controlfield tag="008">050714s1990                        eng d</controlfield>
    <datafield tag="020" ind1=" " ind2=" ">
      <subfield code="a">0 8160 2014 0</subfield>
    </datafield>
    <datafield tag="035" ind1=" " ind2=" ">
      <subfield code="a">463506</subfield>
    </datafield>
    <datafield tag="040" ind1=" " ind2=" ">
      <subfield code="a">OIK</subfield>
    </datafield>
    <datafield tag="041" ind1="0" ind2=" ">
      <subfield code="a">eng</subfield>
    </datafield>
    <datafield tag="100" ind1="1" ind2=" ">
      <subfield code="a">Schur, Norman Warren</subfield>
      <subfield code="d">(1907-)</subfield>
    </datafield>
    <datafield tag="245" ind1="1" ind2="0">
      <subfield code="a">1000 most obscure words /</subfield>
      <subfield code="c">Norman W. Schur</subfield>
    </datafield>
    <datafield tag="260" ind1=" " ind2=" ">
      <subfield code="a">New York [etc.] :</subfield>
      <subfield code="b">Facts on File Publications,</subfield>
      <subfield code="c">cop. 1990</subfield>
    </datafield>
    <datafield tag="300" ind1=" " ind2=" ">
      <subfield code="a">233 p. ;</subfield>
      <subfield code="c">22 cm</subfield>
    </datafield>
    <datafield tag="650" ind1=" " ind2="4">
      <subfield code="a">Angol szakkifejezések</subfield>
    </datafield>
    <datafield tag="852" ind1=" " ind2=" ">
      <subfield code="a">B14</subfield>
      <subfield code="b">B14</subfield>
      <subfield code="x">463506</subfield>
    </datafield>
  </record>