
  <record>
    <leader>00614cam  2200217 i 4500</leader>
    <controlfield tag="001">MOKKAS0001987419  </controlfield>
    <controlfield tag="005">20060531212726.0</controlfield>
    <controlfield tag="008">050902c1987    fr a          001 0 fre d</controlfield>
    <datafield tag="020" ind1=" " ind2=" ">
      <subfield code="a">2701111293</subfield>
    </datafield>
    <datafield tag="035" ind1=" " ind2=" ">
      <subfield code="a">313692</subfield>
    </datafield>
    <datafield tag="040" ind1=" " ind2=" ">
      <subfield code="a">ELTE</subfield>
    </datafield>
    <datafield tag="041" ind1="0" ind2=" ">
      <subfield code="a">fre</subfield>
    </datafield>
    <datafield tag="100" ind1="1" ind2=" ">
      <subfield code="a">Lebrun, Claude</subfield>
    </datafield>
    <datafield tag="245" ind1="1" ind2="0">
      <subfield code="a">1000 mots pour réussir /</subfield>
      <subfield code="c">Claude Lebrun</subfield>
    </datafield>
    <datafield tag="250" ind1=" " ind2=" ">
      <subfield code="a">Nouvelle éd. revue et corrigée</subfield>
    </datafield>
    <datafield tag="260" ind1=" " ind2=" ">
      <subfield code="a">Paris :</subfield>
      <subfield code="b">Belin,</subfield>
      <subfield code="c">cop. 1987</subfield>
    </datafield>
    <datafield tag="300" ind1=" " ind2=" ">
      <subfield code="a">215 p. :</subfield>
      <subfield code="b">ill. ;</subfield>
      <subfield code="c">21 cm</subfield>
    </datafield>
    <datafield tag="490" ind1="1" ind2=" ">
      <subfield code="a">(Guides plus. Français,</subfield>
      <subfield code="x">0298-4687)</subfield>
    </datafield>
    <datafield tag="650" ind1="0" ind2="4">
      <subfield code="a">francia nyelv</subfield>
      <subfield code="x">szókincsfejlesztés</subfield>
    </datafield>
    <datafield tag="830" ind1=" " ind2="0">
      <subfield code="a">Guides plus</subfield>
    </datafield>
    <datafield tag="852" ind1=" " ind2=" ">
      <subfield code="a">B2</subfield>
      <subfield code="b">B2</subfield>
      <subfield code="x">313692</subfield>
    </datafield>
  </record>