
  <record>
    <leader>00553nama 22001691i 4500</leader>
    <controlfield tag="001">MOKKAS0000838180  </controlfield>
    <controlfield tag="005">20060617022436.0</controlfield>
    <controlfield tag="008">041124s1940    hu            000 0 hunod</controlfield>
    <datafield tag="035" ind1=" " ind2=" ">
      <subfield code="a">1597473</subfield>
    </datafield>
    <datafield tag="040" ind1=" " ind2=" ">
      <subfield code="a">OSZK</subfield>
    </datafield>
    <datafield tag="041" ind1="0" ind2=" ">
      <subfield code="a">hunhun</subfield>
    </datafield>
    <datafield tag="100" ind1="2" ind2=" ">
      <subfield code="a">Barla-Szabó József</subfield>
      <subfield code="c">(ifj.)</subfield>
      <subfield code="c">(cédulakatalógus alapján)</subfield>
    </datafield>
    <datafield tag="245" ind1="1" ind2="0">
      <subfield code="a">1000 műtéttel ellenőrzött epehólyag-röntgenkép /</subfield>
      <subfield code="c">ifj. Barla-Szabó József</subfield>
    </datafield>
    <datafield tag="260" ind1=" " ind2=" ">
      <subfield code="a">Budapest :</subfield>
      <subfield code="b">[Franklin Ny.],</subfield>
      <subfield code="c">1940</subfield>
    </datafield>
    <datafield tag="300" ind1=" " ind2=" ">
      <subfield code="a">[1], p. 360-369., [1] ;</subfield>
      <subfield code="c">24 cm</subfield>
    </datafield>
    <datafield tag="580" ind1=" " ind2=" ">
      <subfield code="a">Klny. az Orvosképzésből</subfield>
    </datafield>
    <datafield tag="852" ind1=" " ind2=" ">
      <subfield code="a">B1</subfield>
      <subfield code="b">B1</subfield>
      <subfield code="x">1597473</subfield>
    </datafield>
  </record>