
  <record>
    <leader>00778nam  2200229 i 4500</leader>
    <controlfield tag="001">MOKKAS0002072608  </controlfield>
    <controlfield tag="005">20060407164326.0</controlfield>
    <controlfield tag="008">040701t20042004hu a          000 j hun d</controlfield>
    <datafield tag="020" ind1=" " ind2=" ">
      <subfield code="z">963-430-581-4</subfield>
    </datafield>
    <datafield tag="035" ind1=" " ind2=" ">
      <subfield code="a">1086729</subfield>
    </datafield>
    <datafield tag="040" ind1=" " ind2=" ">
      <subfield code="a">OSZK</subfield>
    </datafield>
    <datafield tag="041" ind1="0" ind2=" ">
      <subfield code="a">hunhun</subfield>
    </datafield>
    <datafield tag="100" ind1="1" ind2=" ">
      <subfield code="a">Szeleczky Arnold</subfield>
    </datafield>
    <datafield tag="245" ind1="1" ind2="0">
      <subfield code="a">1000 Napóleon arany : </subfield>
      <subfield code="b">a gondolkodó elme és az érző szív antológiája : [aforizmák, anekdoták, életképek] /</subfield>
      <subfield code="c">[... vál. és szerk. Szeleczky Arnold]</subfield>
    </datafield>
    <datafield tag="260" ind1=" " ind2=" ">
      <subfield code="a">[Debrecen] :</subfield>
      <subfield code="b">Szeleczky Art Management,</subfield>
      <subfield code="c">cop. 2004</subfield>
    </datafield>
    <datafield tag="300" ind1=" " ind2=" ">
      <subfield code="a">303 p. :</subfield>
      <subfield code="b">ill. ;</subfield>
      <subfield code="c">24 cm</subfield>
    </datafield>
    <datafield tag="600" ind1="0" ind2="4">
      <subfield code="a">Napoleon</subfield>
      <subfield code="c">(Franciaország: császár)</subfield>
      <subfield code="b">I.</subfield>
    </datafield>
    <datafield tag="650" ind1="1" ind2="7">
      <subfield code="a">világirodalom</subfield>
      <subfield code="2">oszk</subfield>
    </datafield>
    <datafield tag="650" ind1="1" ind2="7">
      <subfield code="a">uralkodó</subfield>
      <subfield code="2">oszk</subfield>
    </datafield>
    <datafield tag="650" ind1="1" ind2="7">
      <subfield code="a">18. század</subfield>
      <subfield code="2">oszk</subfield>
    </datafield>
    <datafield tag="651" ind1=" " ind2="4">
      <subfield code="a">Franciaország</subfield>
    </datafield>
    <datafield tag="852" ind1=" " ind2=" ">
      <subfield code="a">B1</subfield>
      <subfield code="b">B1</subfield>
      <subfield code="x">1086729</subfield>
    </datafield>
  </record>