
  <record>
    <leader>00704nam  2200217 i 4500</leader>
    <controlfield tag="001">MOKKAN0004078543  </controlfield>
    <controlfield tag="005">20070202084509.0</controlfield>
    <controlfield tag="008">070129 2004    hu            000   ger  </controlfield>
    <datafield tag="020" ind1=" " ind2=" ">
      <subfield code="a">963 86130 0 9</subfield>
    </datafield>
    <datafield tag="035" ind1=" " ind2=" ">
      <subfield code="a">bibJAT00701198</subfield>
    </datafield>
    <datafield tag="040" ind1=" " ind2=" ">
      <subfield code="a">SZTE</subfield>
    </datafield>
    <datafield tag="041" ind1=" " ind2=" ">
      <subfield code="a">hunger</subfield>
    </datafield>
    <datafield tag="100" ind1="1" ind2=" ">
      <subfield code="a">Kremser Anna, Talpainé</subfield>
    </datafield>
    <datafield tag="245" ind1="1" ind2="0">
      <subfield code="a">1000 német tesztkérdés /</subfield>
      <subfield code="c">[Talpainé Kremser Anna, Sövényházi Edit]</subfield>
    </datafield>
    <datafield tag="260" ind1=" " ind2=" ">
      <subfield code="a">Szeged :</subfield>
      <subfield code="b">Maxim,</subfield>
      <subfield code="c">2004</subfield>
    </datafield>
    <datafield tag="300" ind1=" " ind2=" ">
      <subfield code="a">156 p. ;</subfield>
      <subfield code="c">21 cm</subfield>
    </datafield>
    <datafield tag="650" ind1=" " ind2="7">
      <subfield code="a">Német nyelvkönyv</subfield>
      <subfield code="x">középfokú</subfield>
      <subfield code="x">gyakorlatok</subfield>
      <subfield code="2">szte</subfield>
    </datafield>
    <datafield tag="650" ind1=" " ind2="7">
      <subfield code="a">Nyelvvizsga</subfield>
      <subfield code="x">német</subfield>
      <subfield code="x">írásbeli</subfield>
      <subfield code="x">gyakorlatok</subfield>
      <subfield code="2">szte</subfield>
    </datafield>
    <datafield tag="650" ind1=" " ind2="7">
      <subfield code="a">Nyelvi tesztek</subfield>
      <subfield code="x">német</subfield>
      <subfield code="2">szte</subfield>
    </datafield>
    <datafield tag="700" ind1="1" ind2=" ">
      <subfield code="a">Sövényházi Edit</subfield>
    </datafield>
    <datafield tag="852" ind1=" " ind2=" ">
      <subfield code="a">SZ1</subfield>
      <subfield code="b">SZ1/B3</subfield>
      <subfield code="x">bibJAT00701198</subfield>
    </datafield>
  </record>