
  <record>
    <leader>00907fmm  2200277 i 4500</leader>
    <controlfield tag="001">MOKKAZ0006389054  </controlfield>
    <controlfield tag="005">20040915200033.0</controlfield>
    <controlfield tag="008">000223s2000    hu                  hun d</controlfield>
    <datafield tag="035" ind1=" " ind2=" ">
      <subfield code="a">413690</subfield>
    </datafield>
    <datafield tag="040" ind1=" " ind2=" ">
      <subfield code="a">OSZK</subfield>
    </datafield>
    <datafield tag="041" ind1="0" ind2=" ">
      <subfield code="a">gerhunger</subfield>
    </datafield>
    <datafield tag="245" ind1="0" ind2="0">
      <subfield code="a">1000 német üzleti levélminta</subfield>
      <subfield code="h">elektronikus dok.</subfield>
    </datafield>
    <datafield tag="246" ind1="1" ind2="1">
      <subfield code="a">1000 wirtschaftliche Musterbriefe</subfield>
    </datafield>
    <datafield tag="256" ind1=" " ind2=" ">
      <subfield code="a">Szöveg</subfield>
    </datafield>
    <datafield tag="260" ind1=" " ind2=" ">
      <subfield code="a">Budapest :</subfield>
      <subfield code="b">Jogi K.,</subfield>
      <subfield code="c">[2000]</subfield>
    </datafield>
    <datafield tag="300" ind1=" " ind2=" ">
      <subfield code="a">1 CD-R ;</subfield>
      <subfield code="c">12 cm</subfield>
    </datafield>
    <datafield tag="500" ind1=" " ind2=" ">
      <subfield code="a">Főcím a lemezcímkéről</subfield>
    </datafield>
    <datafield tag="538" ind1=" " ind2=" ">
      <subfield code="a">Működési követelmények: Windows alatt működő Word ill. Write szövegszerkesztők, valamint DOS rendszerben futó programok</subfield>
    </datafield>
    <datafield tag="650" ind1=" " ind2="4">
      <subfield code="a">Kereskedelmi levelezés, német</subfield>
    </datafield>
    <datafield tag="650" ind1=" " ind2="4">
      <subfield code="a">Levélírás</subfield>
    </datafield>
    <datafield tag="650" ind1=" " ind2="4">
      <subfield code="a">Levélminták</subfield>
    </datafield>
    <datafield tag="650" ind1=" " ind2="0">
      <subfield code="a">Commercial correspondence, German.</subfield>
    </datafield>
    <datafield tag="650" ind1=" " ind2="0">
      <subfield code="a">Letter-writing.</subfield>
    </datafield>
    <datafield tag="650" ind1=" " ind2="0">
      <subfield code="a">Form letters.</subfield>
    </datafield>
    <datafield tag="852" ind1=" " ind2=" ">
      <subfield code="a">B1</subfield>
      <subfield code="b">B1</subfield>
      <subfield code="x">413690</subfield>
    </datafield>
    <datafield tag="852" ind1=" " ind2=" ">
      <subfield code="a">D1</subfield>
      <subfield code="b">D1</subfield>
      <subfield code="x">bibKLT00284398</subfield>
    </datafield>
  </record>