
  <record>
    <leader>00604nam  2200193 i 4500</leader>
    <controlfield tag="001">MOKKAS0001149645  </controlfield>
    <controlfield tag="005">20080915024300.0</controlfield>
    <controlfield tag="008">050903s1993    xo            00010 slo d</controlfield>
    <datafield tag="020" ind1=" " ind2=" ">
      <subfield code="a">80-06-00298-3</subfield>
    </datafield>
    <datafield tag="035" ind1=" " ind2=" ">
      <subfield code="a">bibBKO00187948</subfield>
    </datafield>
    <datafield tag="040" ind1=" " ind2=" ">
      <subfield code="a">BMK</subfield>
    </datafield>
    <datafield tag="130" ind1="0" ind2="1">
      <subfield code="a">1000 réponses</subfield>
    </datafield>
    <datafield tag="245" ind1="0" ind2="0">
      <subfield code="a">1000 odpovedí /</subfield>
      <subfield code="c">Pierre Avérous [et al.] ; ved. aut. kol. Daniel Sassier</subfield>
    </datafield>
    <datafield tag="260" ind1=" " ind2=" ">
      <subfield code="a">Bratislava :</subfield>
      <subfield code="b">Mladé letá,</subfield>
      <subfield code="c">1993</subfield>
    </datafield>
    <datafield tag="300" ind1=" " ind2=" ">
      <subfield code="a">328 p. :</subfield>
      <subfield code="b">ill. ;</subfield>
      <subfield code="c">25 cm</subfield>
    </datafield>
    <datafield tag="650" ind1=" " ind2="4">
      <subfield code="a">gyermeklexikonok, általános</subfield>
    </datafield>
    <datafield tag="700" ind1="1" ind2=" ">
      <subfield code="a">Avérous, Pierre</subfield>
      <subfield code="4">közrem.</subfield>
    </datafield>
    <datafield tag="700" ind1="1" ind2=" ">
      <subfield code="a">Sassier, Daniel</subfield>
      <subfield code="4">szerk.</subfield>
    </datafield>
    <datafield tag="852" ind1=" " ind2=" ">
      <subfield code="a">BCS1</subfield>
      <subfield code="b">BCS1</subfield>
      <subfield code="x">bibBKO00187948</subfield>
    </datafield>
  </record>