
  <record>
    <leader>00636nam  2200205   4500</leader>
    <controlfield tag="001">MOKKAS0002398543  </controlfield>
    <controlfield tag="005">20060618094438.0</controlfield>
    <controlfield tag="008">060309s2001    hu                  ita d</controlfield>
    <datafield tag="020" ind1=" " ind2=" ">
      <subfield code="a">(Fűzött)</subfield>
      <subfield code="z">963-86130-2-5</subfield>
    </datafield>
    <datafield tag="035" ind1=" " ind2=" ">
      <subfield code="a">bibSOK382552</subfield>
    </datafield>
    <datafield tag="040" ind1=" " ind2=" ">
      <subfield code="a">SK</subfield>
    </datafield>
    <datafield tag="041" ind1=" " ind2=" ">
      <subfield code="a">ita</subfield>
    </datafield>
    <datafield tag="100" ind1="1" ind2=" ">
      <subfield code="a">Doró Gézáné</subfield>
    </datafield>
    <datafield tag="245" ind1="1" ind2="0">
      <subfield code="a">1000 olasz tesztkérdés /</subfield>
      <subfield code="c">[szerzők Doró Gézáné, Kovács Mónika]</subfield>
    </datafield>
    <datafield tag="260" ind1=" " ind2=" ">
      <subfield code="a">Szeged :</subfield>
      <subfield code="b">Maxim,</subfield>
      <subfield code="c">2005</subfield>
    </datafield>
    <datafield tag="300" ind1=" " ind2=" ">
      <subfield code="a">156 p. ;</subfield>
      <subfield code="c">21 cm</subfield>
    </datafield>
    <datafield tag="650" ind1=" " ind2="7">
      <subfield code="a">Olasz nyelvkönyv</subfield>
      <subfield code="x">középfokú</subfield>
      <subfield code="x">gyakorlatok</subfield>
      <subfield code="2">szte</subfield>
    </datafield>
    <datafield tag="650" ind1=" " ind2="7">
      <subfield code="a">Nyelvi tesztek</subfield>
      <subfield code="x">olasz</subfield>
      <subfield code="x">középfokú</subfield>
      <subfield code="2">szte</subfield>
    </datafield>
    <datafield tag="700" ind1="1" ind2=" ">
      <subfield code="a">Kovács Mónika</subfield>
    </datafield>
    <datafield tag="852" ind1=" " ind2=" ">
      <subfield code="a">SZ4</subfield>
      <subfield code="b">SZ4</subfield>
      <subfield code="x">bibSOK382552</subfield>
    </datafield>
  </record>