
  <record>
    <leader>00795njm  2200181   4500</leader>
    <controlfield tag="001">MOKKAZ0004752910  </controlfield>
    <controlfield tag="005">20040910100224.0</controlfield>
    <controlfield tag="008">991029s2001                        eng d</controlfield>
    <datafield tag="028" ind1=" " ind2=" ">
      <subfield code="a">724357640121</subfield>
    </datafield>
    <datafield tag="035" ind1=" " ind2=" ">
      <subfield code="a">bibFSZ970466</subfield>
    </datafield>
    <datafield tag="040" ind1=" " ind2=" ">
      <subfield code="a">FSZEK</subfield>
    </datafield>
    <datafield tag="245" ind1="0" ind2="0">
      <subfield code="a">1000 original hits 1992</subfield>
      <subfield code="h">[Hangfelvétel] /</subfield>
      <subfield code="c">Tasmin Archer [et al.]</subfield>
    </datafield>
    <datafield tag="260" ind1=" " ind2=" ">
      <subfield code="a">Hoorn :</subfield>
      <subfield code="b">EMI Plus,</subfield>
      <subfield code="c">cop. 2001</subfield>
    </datafield>
    <datafield tag="300" ind1=" " ind2=" ">
      <subfield code="a">1 CD (65 min 35 s) ;</subfield>
      <subfield code="c">12 cm +</subfield>
      <subfield code="e">1 t.</subfield>
    </datafield>
    <datafield tag="505" ind1="0" ind2="0">
      <subfield code="t">Sleeping satellite ;</subfield>
      <subfield code="t">Me &amp; Mrs. Jones ;</subfield>
      <subfield code="t">Cantaloop ;</subfield>
      <subfield code="t">People everyday ;</subfield>
      <subfield code="t">For your blue eyes only ;</subfield>
      <subfield code="t">Would I lie to  you? ;</subfield>
      <subfield code="t">Joy ;</subfield>
      <subfield code="t">Lifetime piling up ;</subfield>
      <subfield code="t">Sympathy ;</subfield>
      <subfield code="t">Say it ;</subfield>
      <subfield code="t">Faithful ;</subfield>
      <subfield code="t">Oh Carolina ;</subfield>
      <subfield code="t">Everytime we touch ;</subfield>
      <subfield code="t">You won't see me cry ;</subfield>
      <subfield code="t">As always ;</subfield>
      <subfield code="t">Trip to trumpton</subfield>
    </datafield>
    <datafield tag="695" ind1=" " ind2="1">
      <subfield code="a">pop</subfield>
    </datafield>
    <datafield tag="700" ind1="1" ind2=" ">
      <subfield code="a">Archer, Tasmin</subfield>
      <subfield code="4">előadó</subfield>
    </datafield>
    <datafield tag="852" ind1=" " ind2=" ">
      <subfield code="a">B10</subfield>
      <subfield code="b">0403</subfield>
      <subfield code="x">bibFSZ970466</subfield>
    </datafield>
  </record>