
  <record>
    <leader>01049nam  2200301 i 4500</leader>
    <controlfield tag="001">MOKKAN0004373668  </controlfield>
    <controlfield tag="005">20090807091035.0</controlfield>
    <controlfield tag="008">070413s2006    hu a          00100 eng e</controlfield>
    <datafield tag="020" ind1=" " ind2=" ">
      <subfield code="a">963 87170 0 9 (kötött)</subfield>
    </datafield>
    <datafield tag="035" ind1=" " ind2=" ">
      <subfield code="a">bibSOK00413306</subfield>
    </datafield>
    <datafield tag="040" ind1=" " ind2=" ">
      <subfield code="a">SK</subfield>
    </datafield>
    <datafield tag="041" ind1=" " ind2=" ">
      <subfield code="a">enggerspahun</subfield>
    </datafield>
    <datafield tag="080" ind1=" " ind2=" ">
      <subfield code="a">794.127</subfield>
    </datafield>
    <datafield tag="100" ind1="1" ind2=" ">
      <subfield code="a">Pintér József</subfield>
    </datafield>
    <datafield tag="245" ind1="1" ind2="0">
      <subfield code="a">1000 pawn endings =</subfield>
      <subfield code="b">1000 Bauernendspiele = 1000 finales de pions = 1000 gyalogvégjáték /</subfield>
      <subfield code="c">József Pintér</subfield>
    </datafield>
    <datafield tag="260" ind1=" " ind2=" ">
      <subfield code="a">Budapest :</subfield>
      <subfield code="b">Magyar Sakkvilág,</subfield>
      <subfield code="c">2006</subfield>
    </datafield>
    <datafield tag="300" ind1=" " ind2=" ">
      <subfield code="a">318 p. :</subfield>
      <subfield code="b">ill. ;</subfield>
      <subfield code="c">25 cm</subfield>
    </datafield>
    <datafield tag="490" ind1="1" ind2=" ">
      <subfield code="a">(A Magyar Sakkvilág könyvei ;</subfield>
      <subfield code="v">6.)</subfield>
    </datafield>
    <datafield tag="500" ind1=" " ind2=" ">
      <subfield code="a">Sorozatcím-változat a borítón: MSV könyvek</subfield>
    </datafield>
    <datafield tag="650" ind1=" " ind2="7">
      <subfield code="a">Sakk</subfield>
      <subfield code="x">végjátékok</subfield>
      <subfield code="2">szte</subfield>
    </datafield>
    <datafield tag="650" ind1=" " ind2="7">
      <subfield code="a">Sakk</subfield>
      <subfield code="x">játékgyűjtemények</subfield>
      <subfield code="2">lcsh//hun</subfield>
    </datafield>
    <datafield tag="650" ind1=" " ind2="7">
      <subfield code="a">Sakk</subfield>
      <subfield code="x">tanulás és tanítás</subfield>
      <subfield code="2">lcsh//hun</subfield>
    </datafield>
    <datafield tag="650" ind1=" " ind2="0">
      <subfield code="a">Chess</subfield>
      <subfield code="x">Collections of games.</subfield>
    </datafield>
    <datafield tag="650" ind1=" " ind2="0">
      <subfield code="a">Chess</subfield>
      <subfield code="x">Study and teaching.</subfield>
    </datafield>
    <datafield tag="740" ind1="0" ind2=" ">
      <subfield code="a">MSV könyvek</subfield>
    </datafield>
    <datafield tag="830" ind1=" " ind2="2">
      <subfield code="a">A Magyar Sakkvilág könyvei</subfield>
    </datafield>
    <datafield tag="852" ind1=" " ind2=" ">
      <subfield code="a">SZ4</subfield>
      <subfield code="b">SZ4/R2</subfield>
      <subfield code="x">bibSOK00413306</subfield>
    </datafield>
    <datafield tag="852" ind1=" " ind2=" ">
      <subfield code="a">D1</subfield>
      <subfield code="b">D1</subfield>
      <subfield code="x">bibDEK00741868</subfield>
    </datafield>
  </record>