
  <record>
    <leader>00339ncm  2200121 i 4500</leader>
    <controlfield tag="001">MOKKAS0003611796  </controlfield>
    <controlfield tag="005">20060606165148.0</controlfield>
    <controlfield tag="008">050716s                                d</controlfield>
    <datafield tag="035" ind1=" " ind2=" ">
      <subfield code="a">890924</subfield>
    </datafield>
    <datafield tag="040" ind1=" " ind2=" ">
      <subfield code="a">OIK</subfield>
    </datafield>
    <datafield tag="100" ind1="1" ind2=" ">
      <subfield code="a">Zataevič, Alexandr</subfield>
      <subfield code="d">(1869.03.08-1936.12.06)</subfield>
    </datafield>
    <datafield tag="245" ind1="1" ind2="0">
      <subfield code="a">1000 pesni kazahskogo naroda</subfield>
      <subfield code="h">nyomtatott kotta</subfield>
    </datafield>
    <datafield tag="852" ind1=" " ind2=" ">
      <subfield code="a">B14</subfield>
      <subfield code="b">B14</subfield>
      <subfield code="x">890924</subfield>
    </datafield>
  </record>