
  <record>
    <leader>00435nam  2200157 i 4500</leader>
    <controlfield tag="001">MOKKAS0001057090  </controlfield>
    <controlfield tag="005">20051215214407.0</controlfield>
    <controlfield tag="008">050903s1999    hu            00010 hun d</controlfield>
    <datafield tag="020" ind1=" " ind2=" ">
      <subfield code="a">0-17-556878-2</subfield>
    </datafield>
    <datafield tag="035" ind1=" " ind2=" ">
      <subfield code="a">bibBKO00235360</subfield>
    </datafield>
    <datafield tag="040" ind1=" " ind2=" ">
      <subfield code="a">BMK</subfield>
    </datafield>
    <datafield tag="100" ind1="1" ind2=" ">
      <subfield code="a">Wright, Andrew</subfield>
      <subfield code="d">(1937)</subfield>
    </datafield>
    <datafield tag="245" ind1="1" ind2="0">
      <subfield code="a">1000+pictures for teachers to copy /</subfield>
      <subfield code="c">Andrew Wright</subfield>
    </datafield>
    <datafield tag="250" ind1=" " ind2=" ">
      <subfield code="a">5. imp.</subfield>
    </datafield>
    <datafield tag="260" ind1=" " ind2=" ">
      <subfield code="a">Harlow :</subfield>
      <subfield code="b">Longman,</subfield>
      <subfield code="c">1999</subfield>
    </datafield>
    <datafield tag="852" ind1=" " ind2=" ">
      <subfield code="a">BCS1</subfield>
      <subfield code="b">BCS1</subfield>
      <subfield code="x">bibBKO00235360</subfield>
    </datafield>
  </record>