
  <record>
    <leader>00644nam  2200217 i 4500</leader>
    <controlfield tag="001">MOKKAS0003316745  </controlfield>
    <controlfield tag="005">20060604013434.0</controlfield>
    <controlfield tag="008">050101s1999                            d</controlfield>
    <datafield tag="020" ind1=" " ind2=" ">
      <subfield code="a">0-17-556878-2 (spirál fűzéssel)</subfield>
    </datafield>
    <datafield tag="035" ind1=" " ind2=" ">
      <subfield code="a">447559</subfield>
    </datafield>
    <datafield tag="040" ind1=" " ind2=" ">
      <subfield code="a">KKMK</subfield>
    </datafield>
    <datafield tag="100" ind1="1" ind2=" ">
      <subfield code="a">Wright Andrew</subfield>
    </datafield>
    <datafield tag="245" ind1="1" ind2="0">
      <subfield code="a">1000+ pictures for teachers to copy /</subfield>
      <subfield code="c">Andrew Wright</subfield>
    </datafield>
    <datafield tag="250" ind1=" " ind2=" ">
      <subfield code="a">Rev. ed., 5. impr.</subfield>
    </datafield>
    <datafield tag="260" ind1=" " ind2=" ">
      <subfield code="a">Harlow :</subfield>
      <subfield code="b">Longman Group Ltd.,</subfield>
      <subfield code="c">1999</subfield>
    </datafield>
    <datafield tag="300" ind1=" " ind2=" ">
      <subfield code="a">142 p. :</subfield>
      <subfield code="b">ill. ;</subfield>
      <subfield code="c">30 cm</subfield>
    </datafield>
    <datafield tag="500" ind1=" " ind2=" ">
      <subfield code="a">Rev. ed., now includes American English</subfield>
    </datafield>
    <datafield tag="650" ind1=" " ind2="4">
      <subfield code="a">angol nyelv</subfield>
    </datafield>
    <datafield tag="650" ind1=" " ind2="4">
      <subfield code="a">nyelvoktatás</subfield>
    </datafield>
    <datafield tag="650" ind1=" " ind2="4">
      <subfield code="a">tanári segédkönyv</subfield>
    </datafield>
    <datafield tag="852" ind1=" " ind2=" ">
      <subfield code="a">GY1</subfield>
      <subfield code="b">GY1</subfield>
      <subfield code="x">447559</subfield>
    </datafield>
  </record>