
  <record>
    <leader>00312nam  2200121 i 4500</leader>
    <controlfield tag="001">MOKKAS0003543397  </controlfield>
    <controlfield tag="005">20060606053438.0</controlfield>
    <controlfield tag="008">050714s1974                            d</controlfield>
    <datafield tag="035" ind1=" " ind2=" ">
      <subfield code="a">665328</subfield>
    </datafield>
    <datafield tag="040" ind1=" " ind2=" ">
      <subfield code="a">OIK</subfield>
    </datafield>
    <datafield tag="245" ind1="1" ind2="0">
      <subfield code="a">1000 poučení zo spisovnej slovenčiny</subfield>
    </datafield>
    <datafield tag="260" ind1=" " ind2=" ">
      <subfield code="a">Bratislava :</subfield>
      <subfield code="b">SPN,</subfield>
      <subfield code="c">1974</subfield>
    </datafield>
    <datafield tag="852" ind1=" " ind2=" ">
      <subfield code="a">B14</subfield>
      <subfield code="b">B14</subfield>
      <subfield code="x">665328</subfield>
    </datafield>
  </record>