
  <record>
    <leader>00451nama 22001571i 4500</leader>
    <controlfield tag="001">MOKKAS0000626996  </controlfield>
    <controlfield tag="005">20060118055840.0</controlfield>
    <controlfield tag="008">041001s1971    sk            000 0 slood</controlfield>
    <datafield tag="035" ind1=" " ind2=" ">
      <subfield code="a">1385872</subfield>
    </datafield>
    <datafield tag="040" ind1=" " ind2=" ">
      <subfield code="a">OSZK</subfield>
    </datafield>
    <datafield tag="041" ind1="0" ind2=" ">
      <subfield code="a">sloslo</subfield>
    </datafield>
    <datafield tag="245" ind1="0" ind2="0">
      <subfield code="a">1000 poučení zo spisovnej slovenčiny /</subfield>
      <subfield code="c">[otpov. red. Gejza Horák]</subfield>
    </datafield>
    <datafield tag="260" ind1=" " ind2=" ">
      <subfield code="a">Bratislava :</subfield>
      <subfield code="b">Slov. ped. nakl.,</subfield>
      <subfield code="c">1971</subfield>
    </datafield>
    <datafield tag="300" ind1=" " ind2=" ">
      <subfield code="a">369 p. ;</subfield>
      <subfield code="c">20 cm</subfield>
    </datafield>
    <datafield tag="700" ind1="1" ind2=" ">
      <subfield code="a">Horák, Gejza</subfield>
      <subfield code="4">(szerk.)</subfield>
    </datafield>
    <datafield tag="852" ind1=" " ind2=" ">
      <subfield code="a">B1</subfield>
      <subfield code="b">B1</subfield>
      <subfield code="x">1385872</subfield>
    </datafield>
  </record>