
  <record>
    <leader>00588cam  2200205 i 4500</leader>
    <controlfield tag="001">MOKKAZ0005237373  </controlfield>
    <controlfield tag="005">20040910163529.0</controlfield>
    <controlfield tag="008">991207s1974    -cs           00010 slo d</controlfield>
    <datafield tag="035" ind1=" " ind2=" ">
      <subfield code="a">102410</subfield>
    </datafield>
    <datafield tag="040" ind1=" " ind2=" ">
      <subfield code="a">MEKLM</subfield>
    </datafield>
    <datafield tag="041" ind1="0" ind2=" ">
      <subfield code="a">slo</subfield>
    </datafield>
    <datafield tag="245" ind1="0" ind2="0">
      <subfield code="a">1000 poucení zo spisovnej slovenciny /</subfield>
      <subfield code="c">[odb. red. Gejza Horák]</subfield>
    </datafield>
    <datafield tag="260" ind1=" " ind2=" ">
      <subfield code="a">Bratislava :</subfield>
      <subfield code="b">SPN,</subfield>
      <subfield code="c">1974.</subfield>
    </datafield>
    <datafield tag="300" ind1=" " ind2=" ">
      <subfield code="a">320 p. ;</subfield>
      <subfield code="c">21 cm.</subfield>
    </datafield>
    <datafield tag="650" ind1="0" ind2="4">
      <subfield code="a">szótár</subfield>
      <subfield code="z">szlovák</subfield>
    </datafield>
    <datafield tag="650" ind1=" " ind2="4">
      <subfield code="a">szlovák nyelv - szemantika</subfield>
    </datafield>
    <datafield tag="650" ind1=" " ind2="4">
      <subfield code="a">szemantika - szlovák nyelv</subfield>
    </datafield>
    <datafield tag="700" ind1="1" ind2=" ">
      <subfield code="a">Horák, Gejza</subfield>
    </datafield>
    <datafield tag="852" ind1=" " ind2=" ">
      <subfield code="a">M1</subfield>
      <subfield code="b">M1</subfield>
      <subfield code="x">102410</subfield>
    </datafield>
    <datafield tag="852" ind1=" " ind2=" ">
      <subfield code="a">BCS1</subfield>
      <subfield code="b">BCS1</subfield>
      <subfield code="x">bibBKO00233646</subfield>
    </datafield>
  </record>