
  <record>
    <leader>00708nama 22001931i 4500</leader>
    <controlfield tag="001">MOKKAS0000621264  </controlfield>
    <controlfield tag="005">20060614174238.0</controlfield>
    <controlfield tag="008">041001s1966    pl            000 0 polod</controlfield>
    <datafield tag="035" ind1=" " ind2=" ">
      <subfield code="a">1380138</subfield>
    </datafield>
    <datafield tag="040" ind1=" " ind2=" ">
      <subfield code="a">OSZK</subfield>
    </datafield>
    <datafield tag="041" ind1="1" ind2=" ">
      <subfield code="a">polpol</subfield>
      <subfield code="h">hun</subfield>
    </datafield>
    <datafield tag="130" ind1="0" ind2="0">
      <subfield code="a">1000 kérdés - felelet a technika világából</subfield>
      <subfield code="l">lengyel</subfield>
    </datafield>
    <datafield tag="245" ind1="1" ind2="0">
      <subfield code="a">1000 pytań i odpowiedzi z dziedziny techniki /</subfield>
      <subfield code="c">[red. Pap János] ; [ill. Kassowitz Félix] ; tlum. Zygmunt Allina [et al.]</subfield>
    </datafield>
    <datafield tag="260" ind1=" " ind2=" ">
      <subfield code="a">Warszawa :</subfield>
      <subfield code="b">Wyd. naukowotechn.,</subfield>
      <subfield code="c">1966</subfield>
    </datafield>
    <datafield tag="300" ind1=" " ind2=" ">
      <subfield code="a">603 p. ;</subfield>
      <subfield code="c">17 cm</subfield>
    </datafield>
    <datafield tag="700" ind1="1" ind2=" ">
      <subfield code="a">Pap János</subfield>
      <subfield code="4">(szerk.)</subfield>
    </datafield>
    <datafield tag="700" ind1="1" ind2=" ">
      <subfield code="a">Allina, Zygmunt</subfield>
      <subfield code="c">(cédulakatalógus alapján)</subfield>
      <subfield code="4">(ford.)</subfield>
    </datafield>
    <datafield tag="700" ind1="1" ind2=" ">
      <subfield code="a">Kassowitz Félix</subfield>
      <subfield code="d">(1907-1983)</subfield>
      <subfield code="4">(szerk.)</subfield>
    </datafield>
    <datafield tag="852" ind1=" " ind2=" ">
      <subfield code="a">B1</subfield>
      <subfield code="b">B1</subfield>
      <subfield code="x">1380138</subfield>
    </datafield>
  </record>