
  <record>
    <leader>00737nam  2200205 i 4500</leader>
    <controlfield tag="001">MOKKAW0006025644  </controlfield>
    <controlfield tag="005">20080801075830.0</controlfield>
    <controlfield tag="008">070413s2007    hu a          00100 eng e</controlfield>
    <datafield tag="020" ind1=" " ind2=" ">
      <subfield code="a">978-963-9750-11-1 (kötött)</subfield>
    </datafield>
    <datafield tag="035" ind1=" " ind2=" ">
      <subfield code="a">bibSOK00437196</subfield>
    </datafield>
    <datafield tag="040" ind1=" " ind2=" ">
      <subfield code="a">SK</subfield>
    </datafield>
    <datafield tag="041" ind1=" " ind2=" ">
      <subfield code="a">enggerfrespahun</subfield>
    </datafield>
    <datafield tag="100" ind1="1" ind2=" ">
      <subfield code="a">Pintér József</subfield>
    </datafield>
    <datafield tag="245" ind1="1" ind2="0">
      <subfield code="a">1000 queen endings =</subfield>
      <subfield code="b">1000 Damenendspiele = 1000 finales des dames = 1000 finales de damas = 1000 vezérvégjáték /</subfield>
      <subfield code="c">József Pintér</subfield>
    </datafield>
    <datafield tag="260" ind1=" " ind2=" ">
      <subfield code="a">Budapest :</subfield>
      <subfield code="b">Magyar Sakkvilág,</subfield>
      <subfield code="c">2007</subfield>
    </datafield>
    <datafield tag="300" ind1=" " ind2=" ">
      <subfield code="a">385 p. :</subfield>
      <subfield code="b">ill. ;</subfield>
      <subfield code="c">22 cm</subfield>
    </datafield>
    <datafield tag="490" ind1="1" ind2=" ">
      <subfield code="a">(Magyar Sakkvilág könyvei,</subfield>
      <subfield code="x">1787-3568 ;</subfield>
      <subfield code="v">11.)</subfield>
    </datafield>
    <datafield tag="650" ind1=" " ind2="7">
      <subfield code="a">Sakk</subfield>
      <subfield code="x">végjátékok</subfield>
      <subfield code="2">szte</subfield>
    </datafield>
    <datafield tag="830" ind1=" " ind2="2">
      <subfield code="a">A Magyar Sakkvilág könyvei</subfield>
    </datafield>
    <datafield tag="852" ind1=" " ind2=" ">
      <subfield code="a">SZ4</subfield>
      <subfield code="b">SZ4/K2</subfield>
      <subfield code="x">bibSOK00437196</subfield>
    </datafield>
  </record>