
  <record>
    <leader>00849nam  2200217 i 4500</leader>
    <controlfield tag="001">MOKKAN0004070326  </controlfield>
    <controlfield tag="005">20070124204145.0</controlfield>
    <controlfield tag="008">010312s2000    hu            00010 hun d</controlfield>
    <datafield tag="020" ind1=" " ind2=" ">
      <subfield code="z">963 9092 95 9</subfield>
    </datafield>
    <datafield tag="035" ind1=" " ind2=" ">
      <subfield code="a">bibDEK405542</subfield>
    </datafield>
    <datafield tag="040" ind1=" " ind2=" ">
      <subfield code="a">DEENK</subfield>
    </datafield>
    <datafield tag="041" ind1="0" ind2=" ">
      <subfield code="a">hunfre</subfield>
    </datafield>
    <datafield tag="100" ind1="1" ind2=" ">
      <subfield code="a">Gulyás Rozália</subfield>
    </datafield>
    <datafield tag="245" ind1="1" ind2="0">
      <subfield code="a">1000 questions 1000 réponses :</subfield>
      <subfield code="b">társalgási gyakorlatok a francia "A" típusú nyelvvizsgákra /</subfield>
      <subfield code="c">Gulyás Rozália</subfield>
    </datafield>
    <datafield tag="260" ind1=" " ind2=" ">
      <subfield code="a">Székesfehérvár :</subfield>
      <subfield code="v">Lexika Tankönyvkiadó,</subfield>
      <subfield code="c">2000?</subfield>
      <subfield code="e">(Szekszárd :</subfield>
      <subfield code="f">Szekszárdi Ny.)</subfield>
    </datafield>
    <datafield tag="300" ind1=" " ind2=" ">
      <subfield code="a">270, [2] p. ;</subfield>
      <subfield code="c">20 cm</subfield>
    </datafield>
    <datafield tag="650" ind1=" " ind2="4">
      <subfield code="a">Francia nyelv</subfield>
      <subfield code="x">tankönyvek idegen ajkúaknak</subfield>
      <subfield code="x">magyar</subfield>
    </datafield>
    <datafield tag="650" ind1=" " ind2="4">
      <subfield code="a">Francia nyelv</subfield>
      <subfield code="x">vizsgák, kérdések stb.</subfield>
    </datafield>
    <datafield tag="650" ind1=" " ind2="0">
      <subfield code="a">French language</subfield>
      <subfield code="x">Textbooks for foreign speakers</subfield>
      <subfield code="x">Hungarian.</subfield>
    </datafield>
    <datafield tag="650" ind1=" " ind2="0">
      <subfield code="a">French language</subfield>
      <subfield code="x">Examinations, questions, etc.</subfield>
    </datafield>
    <datafield tag="852" ind1=" " ind2=" ">
      <subfield code="a">D1</subfield>
      <subfield code="b">D1</subfield>
      <subfield code="x">bibDEK405542</subfield>
    </datafield>
  </record>