
  <record>
    <leader>02237nam  2200625 i 4500</leader>
    <controlfield tag="001">MOKKAZ0006394082  </controlfield>
    <controlfield tag="005">20101105073044.0</controlfield>
    <controlfield tag="008">000721s2000    hu            000 0 fre d</controlfield>
    <datafield tag="020" ind1=" " ind2=" ">
      <subfield code="a">963-9092-95-9 (fűzött) :</subfield>
      <subfield code="c">980,- Ft</subfield>
    </datafield>
    <datafield tag="035" ind1=" " ind2=" ">
      <subfield code="a">437598</subfield>
    </datafield>
    <datafield tag="040" ind1=" " ind2=" ">
      <subfield code="a">OSZK</subfield>
    </datafield>
    <datafield tag="041" ind1="0" ind2=" ">
      <subfield code="a">frehunfre</subfield>
    </datafield>
    <datafield tag="080" ind1=" " ind2=" ">
      <subfield code="a">804.0-07</subfield>
    </datafield>
    <datafield tag="080" ind1=" " ind2=" ">
      <subfield code="a">804.0-318(038)=945.11</subfield>
    </datafield>
    <datafield tag="100" ind1="1" ind2=" ">
      <subfield code="a">Gulyás Rozália</subfield>
    </datafield>
    <datafield tag="245" ind1="1" ind2="0">
      <subfield code="a">1000 questions 1000 réponses : </subfield>
      <subfield code="b">társalgási gyakorlatok a francia "A" típusú nyelvvizsgákra /</subfield>
      <subfield code="c">Gulyás Rozália.</subfield>
    </datafield>
    <datafield tag="260" ind1=" " ind2=" ">
      <subfield code="a">Székesfehérvár :</subfield>
      <subfield code="b">Lexika,</subfield>
      <subfield code="c">2000</subfield>
      <subfield code="e">([S.l.]</subfield>
      <subfield code="f">[s.n.])</subfield>
    </datafield>
    <datafield tag="300" ind1=" " ind2=" ">
      <subfield code="a">270, [2] p. ;</subfield>
      <subfield code="c">20 cm</subfield>
    </datafield>
    <datafield tag="500" ind1=" " ind2=" ">
      <subfield code="a">Párhuzamos cím a gerincen: 1000 kérdés 1000 felelet</subfield>
    </datafield>
    <datafield tag="650" ind1="0" ind2="7">
      <subfield code="2">ar</subfield>
      <subfield code="a">francia nyelv</subfield>
      <subfield code="x">társalgási gyakorlat</subfield>
    </datafield>
    <datafield tag="650" ind1="0" ind2="4">
      <subfield code="a">francia nyelv</subfield>
      <subfield code="x">nyelvvizsga</subfield>
    </datafield>
    <datafield tag="650" ind1="0" ind2="4">
      <subfield code="a">francia nyelvkönyv</subfield>
      <subfield code="x">társalgás</subfield>
    </datafield>
    <datafield tag="650" ind1="0" ind2="4">
      <subfield code="a">társalgási nyelv</subfield>
      <subfield code="z">francia</subfield>
    </datafield>
    <datafield tag="650" ind1=" " ind2="4">
      <subfield code="a">francia</subfield>
    </datafield>
    <datafield tag="650" ind1=" " ind2="4">
      <subfield code="a">nyelvvizsga</subfield>
    </datafield>
    <datafield tag="650" ind1=" " ind2="4">
      <subfield code="a">francia nyelv</subfield>
    </datafield>
    <datafield tag="650" ind1=" " ind2="4">
      <subfield code="a">gyakorlatok</subfield>
    </datafield>
    <datafield tag="650" ind1=" " ind2="4">
      <subfield code="a">French language</subfield>
    </datafield>
    <datafield tag="650" ind1=" " ind2="4">
      <subfield code="a">Francia nyelvkönyv</subfield>
    </datafield>
    <datafield tag="650" ind1=" " ind2="4">
      <subfield code="a">Társalgási nyelv</subfield>
    </datafield>
    <datafield tag="650" ind1=" " ind2="4">
      <subfield code="a">Társalgás</subfield>
    </datafield>
    <datafield tag="650" ind1=" " ind2="7">
      <subfield code="a">Francia nyelvkönyv</subfield>
      <subfield code="x">társalgási gyakorlatok</subfield>
      <subfield code="2">szte</subfield>
    </datafield>
    <datafield tag="650" ind1=" " ind2="4">
      <subfield code="a">Francia nyelv</subfield>
      <subfield code="x">tankönyvek idegen ajkúaknak</subfield>
      <subfield code="x">magyar</subfield>
    </datafield>
    <datafield tag="650" ind1=" " ind2="4">
      <subfield code="a">Francia nyelv</subfield>
      <subfield code="x">vizsgák, kérdések stb.</subfield>
    </datafield>
    <datafield tag="650" ind1=" " ind2="0">
      <subfield code="a">French language</subfield>
      <subfield code="x">Textbooks for foreign speakers</subfield>
      <subfield code="x">Hungarian.</subfield>
    </datafield>
    <datafield tag="650" ind1=" " ind2="0">
      <subfield code="a">French language</subfield>
      <subfield code="x">Examinations, questions, etc.</subfield>
    </datafield>
    <datafield tag="650" ind1=" " ind2="7">
      <subfield code="a">Francia nyelv</subfield>
      <subfield code="x">tankönyvek idegen ajkúaknak</subfield>
      <subfield code="x">magyar</subfield>
      <subfield code="2">lcsh//hun</subfield>
    </datafield>
    <datafield tag="650" ind1=" " ind2="7">
      <subfield code="a">Francia nyelv</subfield>
      <subfield code="x">vizsgák, kérdések stb.</subfield>
      <subfield code="2">lcsh//hun</subfield>
    </datafield>
    <datafield tag="650" ind1=" " ind2="7">
      <subfield code="a">Francia nyelvkönyv</subfield>
      <subfield code="x">társalgási</subfield>
    </datafield>
    <datafield tag="650" ind1=" " ind2="7">
      <subfield code="a">Francia nyelv</subfield>
      <subfield code="x">kifejezések</subfield>
      <subfield code="x">szótár</subfield>
    </datafield>
    <datafield tag="653" ind1=" " ind2=" ">
      <subfield code="a">beszédtechnika</subfield>
    </datafield>
    <datafield tag="653" ind1=" " ind2=" ">
      <subfield code="a">francia nyelv</subfield>
    </datafield>
    <datafield tag="653" ind1=" " ind2=" ">
      <subfield code="a">nyelvvizsga</subfield>
    </datafield>
    <datafield tag="852" ind1=" " ind2=" ">
      <subfield code="a">B1</subfield>
      <subfield code="b">B1</subfield>
      <subfield code="x">437598</subfield>
    </datafield>
    <datafield tag="852" ind1=" " ind2=" ">
      <subfield code="a">B2</subfield>
      <subfield code="b">B2</subfield>
      <subfield code="x">194893</subfield>
    </datafield>
    <datafield tag="852" ind1=" " ind2=" ">
      <subfield code="a">M1</subfield>
      <subfield code="b">M1</subfield>
      <subfield code="x">131546</subfield>
    </datafield>
    <datafield tag="852" ind1=" " ind2=" ">
      <subfield code="a">G1</subfield>
      <subfield code="b">G1</subfield>
      <subfield code="x">71747</subfield>
    </datafield>
    <datafield tag="852" ind1=" " ind2=" ">
      <subfield code="a">B11</subfield>
      <subfield code="b">B11</subfield>
      <subfield code="x">BMEOMIKK000460214</subfield>
    </datafield>
    <datafield tag="852" ind1=" " ind2=" ">
      <subfield code="a">M2</subfield>
      <subfield code="b">M2</subfield>
      <subfield code="x">bibRFK00119474</subfield>
    </datafield>
    <datafield tag="852" ind1=" " ind2=" ">
      <subfield code="a">ST1</subfield>
      <subfield code="b">ST1</subfield>
      <subfield code="x">bibBBM254403</subfield>
    </datafield>
    <datafield tag="852" ind1=" " ind2=" ">
      <subfield code="a">SZL1</subfield>
      <subfield code="b">SZL1</subfield>
      <subfield code="x">bibVFK00245751</subfield>
    </datafield>
    <datafield tag="852" ind1=" " ind2=" ">
      <subfield code="a">SZ4</subfield>
      <subfield code="b">SZ4</subfield>
      <subfield code="x">bibKLT00285178</subfield>
    </datafield>
    <datafield tag="852" ind1=" " ind2=" ">
      <subfield code="a">D1</subfield>
      <subfield code="b">D1/NY</subfield>
      <subfield code="b">D1</subfield>
      <subfield code="x">bibKLT00285178</subfield>
    </datafield>
    <datafield tag="852" ind1=" " ind2=" ">
      <subfield code="a">SZ1</subfield>
      <subfield code="b">SZ1/B3</subfield>
      <subfield code="b">SZ1/17</subfield>
      <subfield code="x">bibJAT480947</subfield>
    </datafield>
    <datafield tag="852" ind1=" " ind2=" ">
      <subfield code="a">B9</subfield>
      <subfield code="b">B9</subfield>
      <subfield code="x">264711</subfield>
    </datafield>
  </record>