
  <record>
    <leader>00841aam  2200217 i 4500</leader>
    <controlfield tag="001">MOKKAS0003825430  </controlfield>
    <controlfield tag="005">20091116131110.0</controlfield>
    <controlfield tag="008">920504|1992    hu            0001  eng  </controlfield>
    <datafield tag="020" ind1=" " ind2=" ">
      <subfield code="a">963 7693 02 5</subfield>
    </datafield>
    <datafield tag="035" ind1=" " ind2=" ">
      <subfield code="a">bibJAT534221</subfield>
    </datafield>
    <datafield tag="040" ind1=" " ind2=" ">
      <subfield code="a">SZTE</subfield>
    </datafield>
    <datafield tag="041" ind1=" " ind2=" ">
      <subfield code="a">enghun</subfield>
    </datafield>
    <datafield tag="080" ind1=" " ind2=" ">
      <subfield code="a">802.0-07(076)</subfield>
    </datafield>
    <datafield tag="100" ind1="1" ind2=" ">
      <subfield code="a">Hock Ildikó, Némethné</subfield>
    </datafield>
    <datafield tag="245" ind1="1" ind2="0">
      <subfield code="a">1000 questions 1000 answers :</subfield>
      <subfield code="b">angol társalgási gyakorlatok az "A" típusú nyelvvizsgákra /</subfield>
      <subfield code="c">Némethné Hock Ildikó</subfield>
    </datafield>
    <datafield tag="260" ind1=" " ind2=" ">
      <subfield code="a">[Székesfehérvár] :</subfield>
      <subfield code="b">Lexika,</subfield>
      <subfield code="c">[1992]</subfield>
    </datafield>
    <datafield tag="300" ind1=" " ind2=" ">
      <subfield code="a">235 p. ;</subfield>
      <subfield code="c">25 cm</subfield>
    </datafield>
    <datafield tag="650" ind1=" " ind2="7">
      <subfield code="a">Angol nyelvkönyv</subfield>
      <subfield code="x">társalgási gyakorlatok</subfield>
      <subfield code="2">szte</subfield>
    </datafield>
    <datafield tag="650" ind1=" " ind2="7">
      <subfield code="a">Nyelvvizsga</subfield>
      <subfield code="x">angol</subfield>
      <subfield code="x">társalgási</subfield>
      <subfield code="x">gyakorlatok</subfield>
    </datafield>
    <datafield tag="650" ind1=" " ind2="7">
      <subfield code="a">Nyelvvizsga</subfield>
      <subfield code="x">angol</subfield>
      <subfield code="x">társalgási</subfield>
      <subfield code="x">gyakorlatok</subfield>
      <subfield code="2">szte</subfield>
    </datafield>
    <datafield tag="852" ind1=" " ind2=" ">
      <subfield code="a">SZ1</subfield>
      <subfield code="b">SZ1/R3</subfield>
      <subfield code="b">SZ1/R2</subfield>
      <subfield code="b">SZ1/R1</subfield>
      <subfield code="b">SZ/87</subfield>
      <subfield code="b">SZ1/R4</subfield>
      <subfield code="b">SZ10/ANG</subfield>
      <subfield code="b">SZ1/B3</subfield>
      <subfield code="b">SZ1/133</subfield>
      <subfield code="b">SZ1/17</subfield>
      <subfield code="x">bibJAT534221</subfield>
    </datafield>
  </record>