
  <record>
    <leader>00633nam  2200169 i 4500</leader>
    <controlfield tag="001">MOKKAS0001264410  </controlfield>
    <controlfield tag="005">20060112181003.0</controlfield>
    <controlfield tag="008">      s1996    hu            00010 eng d</controlfield>
    <datafield tag="020" ind1=" " ind2=" ">
      <subfield code="a">963-7693-26-2 [!ISBN 963-7693-70-X] (fűzött) :</subfield>
      <subfield code="c">495,- Ft</subfield>
    </datafield>
    <datafield tag="035" ind1=" " ind2=" ">
      <subfield code="a">bibRFK00038354</subfield>
    </datafield>
    <datafield tag="040" ind1=" " ind2=" ">
      <subfield code="a">RFMK</subfield>
    </datafield>
    <datafield tag="041" ind1=" " ind2=" ">
      <subfield code="a">enghun</subfield>
    </datafield>
    <datafield tag="100" ind1="2" ind2=" ">
      <subfield code="a">Némethné Hock Ildikó</subfield>
    </datafield>
    <datafield tag="245" ind1="1" ind2="0">
      <subfield code="a">1000 questions 1000 answers :</subfield>
      <subfield code="b">angol társalgási gyakorlatok az "A" típusú nyelvvizsgákra /</subfield>
      <subfield code="c">Némethné Hock Ildikó</subfield>
    </datafield>
    <datafield tag="260" ind1=" " ind2=" ">
      <subfield code="a">[Székesfehérvár] :</subfield>
      <subfield code="b">Lexika Tankönyvkiadó,</subfield>
      <subfield code="c">[1996]</subfield>
      <subfield code="e">([Dabas] :</subfield>
      <subfield code="f">Dabasi Ny.)</subfield>
    </datafield>
    <datafield tag="300" ind1=" " ind2=" ">
      <subfield code="a">253 p. ;</subfield>
      <subfield code="c">26 cm</subfield>
    </datafield>
    <datafield tag="852" ind1=" " ind2=" ">
      <subfield code="a">M2</subfield>
      <subfield code="b">M2</subfield>
      <subfield code="x">bibRFK00038354</subfield>
    </datafield>
  </record>