
  <record>
    <leader>00780nam  2200253 i 4500</leader>
    <controlfield tag="001">MOKKAS0003653095  </controlfield>
    <controlfield tag="005">20101105072130.0</controlfield>
    <controlfield tag="008">960410s1996    hu            00000 eng10</controlfield>
    <datafield tag="020" ind1=" " ind2=" ">
      <subfield code="a">963-7693-26-2</subfield>
    </datafield>
    <datafield tag="035" ind1=" " ind2=" ">
      <subfield code="a">bibSEF00006319</subfield>
    </datafield>
    <datafield tag="040" ind1=" " ind2=" ">
      <subfield code="a">NYME</subfield>
    </datafield>
    <datafield tag="041" ind1="0" ind2=" ">
      <subfield code="a">enghuneng</subfield>
    </datafield>
    <datafield tag="100" ind1="2" ind2=" ">
      <subfield code="a">Némethné Hock Ildikó</subfield>
    </datafield>
    <datafield tag="245" ind1="1" ind2="0">
      <subfield code="a">1000 questions 1000 answers :</subfield>
      <subfield code="b">angol társalgási gyakorlatok az "A" típusú nyelvvizsgákra /</subfield>
      <subfield code="c">Némethné Hock Ildikó</subfield>
    </datafield>
    <datafield tag="260" ind1=" " ind2=" ">
      <subfield code="a">[Székesfehérvár] :</subfield>
      <subfield code="b">Lexika,</subfield>
      <subfield code="c">[1996]</subfield>
      <subfield code="e">([Dabas] :</subfield>
      <subfield code="f">Dabasi Ny.)</subfield>
    </datafield>
    <datafield tag="300" ind1=" " ind2=" ">
      <subfield code="a">253 p. ;</subfield>
      <subfield code="c">20 cm</subfield>
    </datafield>
    <datafield tag="650" ind1=" " ind2="4">
      <subfield code="a">nyelvvizsga</subfield>
    </datafield>
    <datafield tag="650" ind1=" " ind2="4">
      <subfield code="a">angol nyelv</subfield>
    </datafield>
    <datafield tag="653" ind1=" " ind2=" ">
      <subfield code="a">angol nyelv</subfield>
    </datafield>
    <datafield tag="653" ind1=" " ind2=" ">
      <subfield code="a">beszédtechnika</subfield>
    </datafield>
    <datafield tag="653" ind1=" " ind2=" ">
      <subfield code="a">nyelvvizsga</subfield>
    </datafield>
    <datafield tag="852" ind1=" " ind2=" ">
      <subfield code="a">S1</subfield>
      <subfield code="b">S1</subfield>
      <subfield code="x">bibSEF00006319</subfield>
    </datafield>
    <datafield tag="852" ind1=" " ind2=" ">
      <subfield code="a">G1</subfield>
      <subfield code="b">G1</subfield>
      <subfield code="x">71729</subfield>
    </datafield>
    <datafield tag="852" ind1=" " ind2=" ">
      <subfield code="a">B9</subfield>
      <subfield code="b">B9</subfield>
      <subfield code="x">221485</subfield>
    </datafield>
  </record>