
  <record>
    <leader>00728nam  2200217 i 4500</leader>
    <controlfield tag="001">MOKKAS0002087532  </controlfield>
    <controlfield tag="005">20060617083734.0</controlfield>
    <controlfield tag="008">051020s2005    hu            000 0 eng d</controlfield>
    <datafield tag="020" ind1=" " ind2=" ">
      <subfield code="a">963-9092-94-0 (fűzött)</subfield>
    </datafield>
    <datafield tag="035" ind1=" " ind2=" ">
      <subfield code="a">2581457</subfield>
    </datafield>
    <datafield tag="040" ind1=" " ind2=" ">
      <subfield code="a">OSZK</subfield>
    </datafield>
    <datafield tag="041" ind1="1" ind2=" ">
      <subfield code="a">enghuneng</subfield>
    </datafield>
    <datafield tag="100" ind1="2" ind2=" ">
      <subfield code="a">Némethné Hock Ildikó</subfield>
      <subfield code="d">(1957-)</subfield>
    </datafield>
    <datafield tag="245" ind1="1" ind2="0">
      <subfield code="a">1000 questions 1000 answers : </subfield>
      <subfield code="b">angol társalgási gyakorlatok az "A" típusú nyelvvizsgákra /</subfield>
      <subfield code="c">Némethné Hock Ildikó.</subfield>
    </datafield>
    <datafield tag="250" ind1=" " ind2=" ">
      <subfield code="a">Jav. kiad.</subfield>
    </datafield>
    <datafield tag="260" ind1=" " ind2=" ">
      <subfield code="a">Székesfehérvár :</subfield>
      <subfield code="b">Lexika,</subfield>
      <subfield code="c">[2005]</subfield>
    </datafield>
    <datafield tag="300" ind1=" " ind2=" ">
      <subfield code="a">253, [3] p. ;</subfield>
      <subfield code="c">21 cm</subfield>
    </datafield>
    <datafield tag="500" ind1=" " ind2=" ">
      <subfield code="a">Párhuzamos cím a gerincen: 1000 kérdés 1000 felelet</subfield>
    </datafield>
    <datafield tag="650" ind1="1" ind2="7">
      <subfield code="a">angol nyelv</subfield>
      <subfield code="2">oszk</subfield>
    </datafield>
    <datafield tag="650" ind1="1" ind2="7">
      <subfield code="a">nyelvvizsga</subfield>
      <subfield code="2">oszk</subfield>
    </datafield>
    <datafield tag="852" ind1=" " ind2=" ">
      <subfield code="a">B1</subfield>
      <subfield code="b">B1</subfield>
      <subfield code="x">2581457</subfield>
    </datafield>
  </record>