
  <record>
    <leader>00743nam  2200205 i 4500</leader>
    <controlfield tag="001">MOKKAZ0004082592  </controlfield>
    <controlfield tag="005">20080821120700.0</controlfield>
    <controlfield tag="008">010208s2000    hu            00010 hun n</controlfield>
    <datafield tag="020" ind1=" " ind2=" ">
      <subfield code="a">963 9092 94 0</subfield>
    </datafield>
    <datafield tag="035" ind1=" " ind2=" ">
      <subfield code="a">bibJAT00377197</subfield>
    </datafield>
    <datafield tag="040" ind1=" " ind2=" ">
      <subfield code="a">SZTE</subfield>
    </datafield>
    <datafield tag="041" ind1=" " ind2=" ">
      <subfield code="a">enghun</subfield>
    </datafield>
    <datafield tag="100" ind1="1" ind2=" ">
      <subfield code="a">Hock Ildikó, Némethné</subfield>
    </datafield>
    <datafield tag="245" ind1="1" ind2="0">
      <subfield code="a">1000 questions-1000 answers :</subfield>
      <subfield code="b">angol társalgási gyakorlatok az "A" típusú nyelvvizsgákra : [fonetikus jelekkel] /</subfield>
      <subfield code="c">Némethné Hock Ildikó</subfield>
    </datafield>
    <datafield tag="250" ind1=" " ind2=" ">
      <subfield code="a">Jav. kiad.</subfield>
    </datafield>
    <datafield tag="260" ind1=" " ind2=" ">
      <subfield code="a">Székesfehérvár :</subfield>
      <subfield code="b">Lexika,</subfield>
      <subfield code="c">[2000]</subfield>
    </datafield>
    <datafield tag="300" ind1=" " ind2=" ">
      <subfield code="a">253 p. ;</subfield>
      <subfield code="c">20 cm</subfield>
    </datafield>
    <datafield tag="650" ind1=" " ind2="7">
      <subfield code="a">Angol nyelvkönyv</subfield>
      <subfield code="x">társalgási gyakorlatok</subfield>
      <subfield code="2">szte</subfield>
    </datafield>
    <datafield tag="650" ind1=" " ind2="7">
      <subfield code="a">Nyelvvizsga</subfield>
      <subfield code="x">angol</subfield>
      <subfield code="x">társalgási</subfield>
      <subfield code="x">gyakorlatok</subfield>
      <subfield code="2">szte</subfield>
    </datafield>
    <datafield tag="852" ind1=" " ind2=" ">
      <subfield code="a">SZ1</subfield>
      <subfield code="b">SZ1/R1</subfield>
      <subfield code="b">SZ1/B3</subfield>
      <subfield code="x">bibJAT00377197</subfield>
    </datafield>
  </record>