
  <record>
    <leader>00662nam  2200229 i 4500</leader>
    <controlfield tag="001">MOKKAS0003654703  </controlfield>
    <controlfield tag="005">20091223063727.0</controlfield>
    <controlfield tag="008">980428s1996    ge            00010 eng d</controlfield>
    <datafield tag="020" ind1=" " ind2=" ">
      <subfield code="a">3-8228-8595-9</subfield>
    </datafield>
    <datafield tag="035" ind1=" " ind2=" ">
      <subfield code="a">bibSEF00009085</subfield>
    </datafield>
    <datafield tag="040" ind1=" " ind2=" ">
      <subfield code="a">NYME</subfield>
    </datafield>
    <datafield tag="245" ind1="0" ind2="0">
      <subfield code="a">1000 record covers /</subfield>
      <subfield code="c">intr.Michael Ochs</subfield>
    </datafield>
    <datafield tag="260" ind1=" " ind2=" ">
      <subfield code="a">Köln[et al.] :</subfield>
      <subfield code="b">Taschen,</subfield>
      <subfield code="c">1996</subfield>
    </datafield>
    <datafield tag="300" ind1=" " ind2=" ">
      <subfield code="a">767 p. :</subfield>
      <subfield code="b">ill. ;</subfield>
      <subfield code="c">20 cm</subfield>
    </datafield>
    <datafield tag="546" ind1=" " ind2=" ">
      <subfield code="a">bev.angol, német és francia nyelven</subfield>
    </datafield>
    <datafield tag="650" ind1=" " ind2="4">
      <subfield code="a">hanglemez</subfield>
    </datafield>
    <datafield tag="650" ind1=" " ind2="4">
      <subfield code="a">magángyűjtemény</subfield>
    </datafield>
    <datafield tag="650" ind1=" " ind2="4">
      <subfield code="a">hanglemezborító</subfield>
    </datafield>
    <datafield tag="650" ind1=" " ind2="4">
      <subfield code="a">20. század második fele</subfield>
    </datafield>
    <datafield tag="700" ind1="1" ind2=" ">
      <subfield code="a">Ochs, Michael</subfield>
    </datafield>
    <datafield tag="852" ind1=" " ind2=" ">
      <subfield code="a">S1</subfield>
      <subfield code="b">S1</subfield>
      <subfield code="x">bibSEF00009085</subfield>
    </datafield>
    <datafield tag="852" ind1=" " ind2=" ">
      <subfield code="a">B653</subfield>
      <subfield code="x">bibMKF00021438</subfield>
    </datafield>
  </record>