
  <record>
    <leader>00731nam  2200193   4500</leader>
    <controlfield tag="001">MOKKAZ0004679797  </controlfield>
    <controlfield tag="005">20040910092209.0</controlfield>
    <controlfield tag="008">000211s1992                        ger d</controlfield>
    <datafield tag="020" ind1=" " ind2=" ">
      <subfield code="a">3-8118-1211-4 (kötött)</subfield>
    </datafield>
    <datafield tag="035" ind1=" " ind2=" ">
      <subfield code="a">bibFSZ669809</subfield>
    </datafield>
    <datafield tag="040" ind1=" " ind2=" ">
      <subfield code="a">FSZEK</subfield>
    </datafield>
    <datafield tag="041" ind1=" " ind2=" ">
      <subfield code="a">ger</subfield>
    </datafield>
    <datafield tag="245" ind1="0" ind2="0">
      <subfield code="a">1000 Spiele für gross und klein :</subfield>
      <subfield code="b">Gesellschaftsspiele mit Karten, Münzen, Würfeln, Streichhölzern, Worten, Bildern und Zahlen</subfield>
    </datafield>
    <datafield tag="260" ind1=" " ind2=" ">
      <subfield code="a">Rastatt :</subfield>
      <subfield code="b">Moewig,</subfield>
      <subfield code="c">1992</subfield>
    </datafield>
    <datafield tag="300" ind1=" " ind2=" ">
      <subfield code="a">798, [2] p. :</subfield>
      <subfield code="b">ill. ;</subfield>
      <subfield code="c">23 cm</subfield>
    </datafield>
    <datafield tag="680" ind1=" " ind2="0">
      <subfield code="a">kártyajátékok</subfield>
    </datafield>
    <datafield tag="680" ind1=" " ind2="0">
      <subfield code="a">találós kérdések, társasjátékok</subfield>
      <subfield code="a">társasjátékok, találós kérdések</subfield>
    </datafield>
    <datafield tag="680" ind1=" " ind2="0">
      <subfield code="a">kitalálós játék, rejtvény</subfield>
      <subfield code="a">rejtvény, kitalálós játék</subfield>
    </datafield>
    <datafield tag="852" ind1=" " ind2=" ">
      <subfield code="a">B10</subfield>
      <subfield code="b">2301</subfield>
      <subfield code="x">bibFSZ669809</subfield>
    </datafield>
  </record>