
  <record>
    <leader>00373cam  22001217  4500</leader>
    <controlfield tag="001">MOKKAZ0004335975  </controlfield>
    <controlfield tag="005">20040910062108.0</controlfield>
    <controlfield tag="008">      s1922                        und d</controlfield>
    <datafield tag="035" ind1=" " ind2=" ">
      <subfield code="a">bibFSZ00181947</subfield>
    </datafield>
    <datafield tag="040" ind1=" " ind2=" ">
      <subfield code="a">FSZEK</subfield>
    </datafield>
    <datafield tag="245" ind1="0" ind2="0">
      <subfield code="a">1000 szóból álló magyar-örmény szótár /</subfield>
      <subfield code="c">összeáll. Alexa Ferenc</subfield>
    </datafield>
    <datafield tag="260" ind1=" " ind2=" ">
      <subfield code="a">Erzsébetváros :</subfield>
      <subfield code="b">[S.n.],</subfield>
      <subfield code="c">1922</subfield>
    </datafield>
    <datafield tag="852" ind1=" " ind2=" ">
      <subfield code="a">B10</subfield>
      <subfield code="b">0801</subfield>
      <subfield code="x">bibFSZ00181947</subfield>
    </datafield>
  </record>