
  <record>
    <leader>00347cam  22001217  4500</leader>
    <controlfield tag="001">MOKKAZ0004448589  </controlfield>
    <controlfield tag="005">20040910071806.0</controlfield>
    <controlfield tag="008">      s1957                        und d</controlfield>
    <datafield tag="035" ind1=" " ind2=" ">
      <subfield code="a">bibFSZ00294702</subfield>
    </datafield>
    <datafield tag="040" ind1=" " ind2=" ">
      <subfield code="a">FSZEK</subfield>
    </datafield>
    <datafield tag="245" ind1="0" ind2="0">
      <subfield code="a">1000 szó franciául /</subfield>
      <subfield code="c">Barczán Endre, Padányi Lajosné</subfield>
    </datafield>
    <datafield tag="260" ind1=" " ind2=" ">
      <subfield code="a">[S.l.] :</subfield>
      <subfield code="b">[S.n.],</subfield>
      <subfield code="c">1957</subfield>
    </datafield>
    <datafield tag="852" ind1=" " ind2=" ">
      <subfield code="a">B10</subfield>
      <subfield code="b">B10</subfield>
      <subfield code="x">bibFSZ00294702</subfield>
    </datafield>
  </record>