
  <record>
    <leader>00375nam  2200145 i 4500</leader>
    <controlfield tag="001">MOKKAS0003522778  </controlfield>
    <controlfield tag="005">20060606025307.0</controlfield>
    <controlfield tag="008">050714s1988                            d</controlfield>
    <datafield tag="020" ind1=" " ind2=" ">
      <subfield code="a">963 7222 23 5</subfield>
    </datafield>
    <datafield tag="035" ind1=" " ind2=" ">
      <subfield code="a">610112</subfield>
    </datafield>
    <datafield tag="040" ind1=" " ind2=" ">
      <subfield code="a">OIK</subfield>
    </datafield>
    <datafield tag="100" ind1="1" ind2=" ">
      <subfield code="a">Le Bigot-Macaux, Armelle</subfield>
    </datafield>
    <datafield tag="245" ind1="1" ind2="0">
      <subfield code="a">1000 szó képekben</subfield>
    </datafield>
    <datafield tag="260" ind1=" " ind2=" ">
      <subfield code="a">Budapest :</subfield>
      <subfield code="b">Interpress Kiadó,</subfield>
      <subfield code="c">1988</subfield>
    </datafield>
    <datafield tag="852" ind1=" " ind2=" ">
      <subfield code="a">B14</subfield>
      <subfield code="b">B14</subfield>
      <subfield code="x">610112</subfield>
    </datafield>
  </record>