
  <record>
    <leader>00906cam  22002651i 4500</leader>
    <controlfield tag="001">MOKKAZ0003189132  </controlfield>
    <controlfield tag="005">20091221121817.0</controlfield>
    <controlfield tag="008">      s1986    hu a          000   hun0d</controlfield>
    <datafield tag="035" ind1=" " ind2=" ">
      <subfield code="a">ISISFEF0007084</subfield>
    </datafield>
    <datafield tag="040" ind1=" " ind2=" ">
      <subfield code="a">DEENK</subfield>
    </datafield>
    <datafield tag="080" ind1=" " ind2=" ">
      <subfield code="a">809.451.1[37]</subfield>
    </datafield>
    <datafield tag="100" ind1="1" ind2=" ">
      <subfield code="a">Somos Béla</subfield>
    </datafield>
    <datafield tag="245" ind1="1" ind2="0">
      <subfield code="a">1000 szó magyarul :</subfield>
      <subfield code="b">Jegyzet a magyar nyelv és beszéd tanulásához kezdőknek /</subfield>
      <subfield code="c">Somos Béla, Mezei Lajos, Békéssy Gábor</subfield>
    </datafield>
    <datafield tag="250" ind1=" " ind2=" ">
      <subfield code="a">2.kiad.</subfield>
    </datafield>
    <datafield tag="260" ind1=" " ind2=" ">
      <subfield code="a">Budapest :</subfield>
      <subfield code="b">Tankvk.,</subfield>
      <subfield code="c">1986</subfield>
    </datafield>
    <datafield tag="300" ind1=" " ind2=" ">
      <subfield code="a">159 p. :</subfield>
      <subfield code="b">ill. ;</subfield>
      <subfield code="c">29 cm</subfield>
    </datafield>
    <datafield tag="500" ind1=" " ind2=" ">
      <subfield code="a">Jegyzet. Budapest. Nemzetközi Előkészítő Intézet.</subfield>
    </datafield>
    <datafield tag="650" ind1=" " ind2="4">
      <subfield code="a">Magyar nyelv</subfield>
      <subfield code="x">tankönyvek idegen ajkúaknak</subfield>
    </datafield>
    <datafield tag="650" ind1=" " ind2="0">
      <subfield code="a">Hungarian language</subfield>
      <subfield code="x">Textbooks for foreign speakers.</subfield>
    </datafield>
    <datafield tag="650" ind1=" " ind2="7">
      <subfield code="a">magyar nyelv</subfield>
      <subfield code="2">opkm</subfield>
    </datafield>
    <datafield tag="700" ind1="1" ind2=" ">
      <subfield code="a">Mezei Lajos</subfield>
    </datafield>
    <datafield tag="700" ind1="1" ind2=" ">
      <subfield code="a">Békéssy Gábor</subfield>
    </datafield>
    <datafield tag="852" ind1=" " ind2=" ">
      <subfield code="a">D1</subfield>
      <subfield code="b">D1</subfield>
      <subfield code="x">ISISFEF0007084</subfield>
    </datafield>
    <datafield tag="852" ind1=" " ind2=" ">
      <subfield code="a">B7</subfield>
      <subfield code="b">B7</subfield>
      <subfield code="x">206472</subfield>
    </datafield>
    <datafield tag="852" ind1=" " ind2=" ">
      <subfield code="a">P1</subfield>
      <subfield code="b">P1</subfield>
      <subfield code="x">bibPTE00540861</subfield>
    </datafield>
  </record>