
  <record>
    <leader>00474nam  2200157 i 4500</leader>
    <controlfield tag="001">MOKKAS0003239566  </controlfield>
    <controlfield tag="005">20060601111513.0</controlfield>
    <controlfield tag="008">050101s1984                            d</controlfield>
    <datafield tag="035" ind1=" " ind2=" ">
      <subfield code="a">129445</subfield>
    </datafield>
    <datafield tag="040" ind1=" " ind2=" ">
      <subfield code="a">KKMK</subfield>
    </datafield>
    <datafield tag="100" ind1="1" ind2=" ">
      <subfield code="a">Dšambadšancan Delgerdalajn</subfield>
    </datafield>
    <datafield tag="245" ind1="1" ind2="0">
      <subfield code="a">1000 szó mongolul /</subfield>
      <subfield code="c">Delgerdalajn Dšambadšancan ; Dulamin Sajndšargal</subfield>
    </datafield>
    <datafield tag="260" ind1=" " ind2=" ">
      <subfield code="a">Budapest :</subfield>
      <subfield code="b">Tankönyvkiadó,</subfield>
      <subfield code="c">1984</subfield>
    </datafield>
    <datafield tag="300" ind1=" " ind2=" ">
      <subfield code="a">390 p. ;</subfield>
      <subfield code="c">10x14 cm</subfield>
    </datafield>
    <datafield tag="700" ind1="1" ind2="0">
      <subfield code="a">Sajndšargal Dulamin</subfield>
    </datafield>
    <datafield tag="852" ind1=" " ind2=" ">
      <subfield code="a">GY1</subfield>
      <subfield code="b">GY1</subfield>
      <subfield code="x">129445</subfield>
    </datafield>
  </record>