
  <record>
    <leader>00673nama 22002291i 4500</leader>
    <controlfield tag="001">MOKKAS0000449372  </controlfield>
    <controlfield tag="005">20060117163945.0</controlfield>
    <controlfield tag="008">040607s1970    hu            000 0 hunod</controlfield>
    <datafield tag="020" ind1=" " ind2=" ">
      <subfield code="a">(fűzött) :</subfield>
      <subfield code="c">10,- Ft</subfield>
    </datafield>
    <datafield tag="035" ind1=" " ind2=" ">
      <subfield code="a">1208134</subfield>
    </datafield>
    <datafield tag="040" ind1=" " ind2=" ">
      <subfield code="a">OSZK</subfield>
    </datafield>
    <datafield tag="041" ind1="0" ind2=" ">
      <subfield code="a">gerhunhun</subfield>
    </datafield>
    <datafield tag="100" ind1="1" ind2=" ">
      <subfield code="a">Szirmai Gina</subfield>
    </datafield>
    <datafield tag="245" ind1="1" ind2="0">
      <subfield code="a">1000 szó németül /</subfield>
      <subfield code="c">[Szirmai Gina, Verbényi László]</subfield>
    </datafield>
    <datafield tag="250" ind1=" " ind2=" ">
      <subfield code="a">3. kiad.</subfield>
    </datafield>
    <datafield tag="260" ind1=" " ind2=" ">
      <subfield code="a">Budapest :</subfield>
      <subfield code="b">Tankönyvkiadó,</subfield>
      <subfield code="c">1970</subfield>
      <subfield code="e">(Budapest</subfield>
      <subfield code="f">Zrínyi Ny.)</subfield>
    </datafield>
    <datafield tag="300" ind1=" " ind2=" ">
      <subfield code="a">304 p. ;</subfield>
      <subfield code="c">Har. 14 cm</subfield>
    </datafield>
    <datafield tag="700" ind1="1" ind2="0">
      <subfield code="a">Verbényi László</subfield>
    </datafield>
    <datafield tag="852" ind1=" " ind2=" ">
      <subfield code="a">B1</subfield>
      <subfield code="b">B1</subfield>
      <subfield code="x">1208134</subfield>
    </datafield>
    <datafield tag="852" ind1=" " ind2=" ">
      <subfield code="a">GY1</subfield>
      <subfield code="b">GY1</subfield>
      <subfield code="x">211324</subfield>
    </datafield>
    <datafield tag="852" ind1=" " ind2=" ">
      <subfield code="a">BCS1</subfield>
      <subfield code="b">BCS1</subfield>
      <subfield code="x">bibBKO00143530</subfield>
    </datafield>
    <datafield tag="852" ind1=" " ind2=" ">
      <subfield code="a">B10</subfield>
      <subfield code="b">B10</subfield>
      <subfield code="x">bibFSZ00048041</subfield>
    </datafield>
  </record>