
  <record>
    <leader>00477nam  2200169 i 4500</leader>
    <controlfield tag="001">MOKKAS0003245279  </controlfield>
    <controlfield tag="005">20060601195629.0</controlfield>
    <controlfield tag="008">050101s1987                            d</controlfield>
    <datafield tag="035" ind1=" " ind2=" ">
      <subfield code="a">156964</subfield>
    </datafield>
    <datafield tag="040" ind1=" " ind2=" ">
      <subfield code="a">KKMK</subfield>
    </datafield>
    <datafield tag="100" ind1="1" ind2=" ">
      <subfield code="a">Szirmai Gina</subfield>
    </datafield>
    <datafield tag="245" ind1="1" ind2="0">
      <subfield code="a">1000 szó németül /</subfield>
      <subfield code="c">Szirmai Gina ; Verbényi László</subfield>
    </datafield>
    <datafield tag="250" ind1=" " ind2=" ">
      <subfield code="a">9. jav. kiad</subfield>
    </datafield>
    <datafield tag="260" ind1=" " ind2=" ">
      <subfield code="a">Budapest :</subfield>
      <subfield code="b">Tankönyvkiadó,</subfield>
      <subfield code="c">1987</subfield>
    </datafield>
    <datafield tag="300" ind1=" " ind2=" ">
      <subfield code="a">304 p. ;</subfield>
      <subfield code="c">10x14 cm</subfield>
    </datafield>
    <datafield tag="700" ind1="1" ind2="0">
      <subfield code="a">Verbényi László</subfield>
      <subfield code="d">(1910-)</subfield>
    </datafield>
    <datafield tag="852" ind1=" " ind2=" ">
      <subfield code="a">GY1</subfield>
      <subfield code="b">GY1</subfield>
      <subfield code="x">156964</subfield>
    </datafield>
  </record>