
  <record>
    <leader>00584nam  2200205 i 4500</leader>
    <controlfield tag="001">MOKKAN0004693354  </controlfield>
    <controlfield tag="005">20070703004145.0</controlfield>
    <controlfield tag="008">950418s1974    hu           u    j hun d</controlfield>
    <datafield tag="035" ind1=" " ind2=" ">
      <subfield code="a">KÉE40510</subfield>
    </datafield>
    <datafield tag="040" ind1=" " ind2=" ">
      <subfield code="a">BCEEFK</subfield>
    </datafield>
    <datafield tag="041" ind1="0" ind2=" ">
      <subfield code="a">hun</subfield>
    </datafield>
    <datafield tag="100" ind1="1" ind2=" ">
      <subfield code="a">Brizova, Joza</subfield>
    </datafield>
    <datafield tag="245" ind1="1" ind2="0">
      <subfield code="a">1000 tanács sorozatunk kedvelőinek /</subfield>
      <subfield code="c">Joza Brizova</subfield>
    </datafield>
    <datafield tag="260" ind1=" " ind2=" ">
      <subfield code="a">Bp.,</subfield>
      <subfield code="c">1974</subfield>
    </datafield>
    <datafield tag="300" ind1=" " ind2=" ">
      <subfield code="a">271 p.</subfield>
    </datafield>
    <datafield tag="490" ind1="1" ind2=" ">
      <subfield code="a">Kertünk, házunk, otthonunk</subfield>
      <subfield code="x">0324-3176</subfield>
    </datafield>
    <datafield tag="500" ind1=" " ind2=" ">
      <subfield code="a">Eredeti cím : 1000 rad pro domacnost</subfield>
    </datafield>
    <datafield tag="504" ind1=" " ind2=" ">
      <subfield code="a">Bibliogr. p. 265.</subfield>
    </datafield>
    <datafield tag="830" ind1=" " ind2="0">
      <subfield code="a">Kertünk, házunk, otthonunk</subfield>
    </datafield>
    <datafield tag="852" ind1=" " ind2=" ">
      <subfield code="a">B503</subfield>
      <subfield code="b">B503</subfield>
      <subfield code="x">KÉE40510</subfield>
    </datafield>
  </record>