
  <record>
    <leader>00517nam  2200169 i 4500</leader>
    <controlfield tag="001">MOKKAS0003277562  </controlfield>
    <controlfield tag="005">20060602135823.0</controlfield>
    <controlfield tag="008">050101s1974                            d</controlfield>
    <datafield tag="035" ind1=" " ind2=" ">
      <subfield code="a">303766</subfield>
    </datafield>
    <datafield tag="040" ind1=" " ind2=" ">
      <subfield code="a">KKMK</subfield>
    </datafield>
    <datafield tag="100" ind1="1" ind2=" ">
      <subfield code="a">Brízová Joza</subfield>
    </datafield>
    <datafield tag="245" ind1="1" ind2="0">
      <subfield code="a">1000 tanács sorozatunk kedvelőinek /</subfield>
      <subfield code="c">Joza Brízová</subfield>
    </datafield>
    <datafield tag="260" ind1=" " ind2=" ">
      <subfield code="a">Budapest :</subfield>
      <subfield code="b">Mezőgazdasági Kiadó,</subfield>
      <subfield code="c">1974</subfield>
    </datafield>
    <datafield tag="300" ind1=" " ind2=" ">
      <subfield code="a">271 p. :</subfield>
      <subfield code="b">ill. ;</subfield>
      <subfield code="c">20 cm</subfield>
    </datafield>
    <datafield tag="490" ind1="1" ind2=" ">
      <subfield code="a">Kertünk, házunk, otthonunk</subfield>
      <subfield code="x">0324-3176</subfield>
    </datafield>
    <datafield tag="830" ind1=" " ind2="0">
      <subfield code="a">Kertünk, házunk, otthonunk</subfield>
    </datafield>
    <datafield tag="852" ind1=" " ind2=" ">
      <subfield code="a">GY1</subfield>
      <subfield code="b">GY1</subfield>
      <subfield code="x">303766</subfield>
    </datafield>
  </record>