
  <record>
    <leader>01364fam  2200397 ir4500</leader>
    <controlfield tag="001">MOKKAZ0006342676  </controlfield>
    <controlfield tag="005">20090505174953.0</controlfield>
    <controlfield tag="008">961113s1996    hu            000 0 hun d</controlfield>
    <datafield tag="020" ind1=" " ind2=" ">
      <subfield code="a">963-8455-34-9 (fűzött)</subfield>
    </datafield>
    <datafield tag="035" ind1=" " ind2=" ">
      <subfield code="a">203631</subfield>
    </datafield>
    <datafield tag="040" ind1=" " ind2=" ">
      <subfield code="a">OSZK</subfield>
    </datafield>
    <datafield tag="041" ind1="0" ind2=" ">
      <subfield code="a">hunhun</subfield>
    </datafield>
    <datafield tag="245" ind1="0" ind2="0">
      <subfield code="a">1000 tesztkérdés a gyermekgyógyászatból /</subfield>
      <subfield code="c">szerk. Czinner Antal ; [... szerzői Babosa Mária et al.]</subfield>
    </datafield>
    <datafield tag="260" ind1=" " ind2=" ">
      <subfield code="a">Budapest [etc.] :</subfield>
      <subfield code="b">Springer Hungarica,</subfield>
      <subfield code="c">1996</subfield>
      <subfield code="e">([Gyomaendrőd]</subfield>
      <subfield code="f">Gyomai Kner)</subfield>
    </datafield>
    <datafield tag="300" ind1=" " ind2=" ">
      <subfield code="a">178 p. ;</subfield>
      <subfield code="c">24 cm</subfield>
    </datafield>
    <datafield tag="490" ind1="1" ind2=" ">
      <subfield code="a">Háziorvos könyvek</subfield>
      <subfield code="x">1216-5204</subfield>
    </datafield>
    <datafield tag="650" ind1=" " ind2="4">
      <subfield code="a">Gyermekgyógyászat</subfield>
      <subfield code="x">feladatok, gyakorlatok stb.</subfield>
    </datafield>
    <datafield tag="650" ind1=" " ind2="0">
      <subfield code="a">Pediatrics</subfield>
      <subfield code="x">Problems, exercises, etc.</subfield>
    </datafield>
    <datafield tag="650" ind1=" " ind2="7">
      <subfield code="a">Gyermekgyógyászat</subfield>
      <subfield code="x">tesztek</subfield>
      <subfield code="2">szte</subfield>
    </datafield>
    <datafield tag="650" ind1=" " ind2="4">
      <subfield code="a">gyermekgyógyászat</subfield>
    </datafield>
    <datafield tag="650" ind1=" " ind2="2">
      <subfield code="a">Pediatrics</subfield>
      <subfield code="x">examination question</subfield>
    </datafield>
    <datafield tag="650" ind1="1" ind2="4">
      <subfield code="a">Gyermekgyógyászat</subfield>
    </datafield>
    <datafield tag="650" ind1="1" ind2="4">
      <subfield code="a">Pediatrics</subfield>
    </datafield>
    <datafield tag="650" ind1=" " ind2="4">
      <subfield code="a">egyetemi tankönyv</subfield>
    </datafield>
    <datafield tag="650" ind1=" " ind2="4">
      <subfield code="a">példatár</subfield>
    </datafield>
    <datafield tag="700" ind1="1" ind2=" ">
      <subfield code="a">Czinner Antal</subfield>
      <subfield code="d">(1946-)</subfield>
      <subfield code="4">(szerk.)</subfield>
    </datafield>
    <datafield tag="700" ind1="1" ind2=" ">
      <subfield code="a">Babosa Mária</subfield>
      <subfield code="4">(közrem.)</subfield>
    </datafield>
    <datafield tag="830" ind1=" " ind2="0">
      <subfield code="a">Háziorvos könyvek</subfield>
    </datafield>
    <datafield tag="852" ind1=" " ind2=" ">
      <subfield code="a">B1</subfield>
      <subfield code="b">B1</subfield>
      <subfield code="x">203631</subfield>
    </datafield>
    <datafield tag="852" ind1=" " ind2=" ">
      <subfield code="a">D1</subfield>
      <subfield code="b">D1</subfield>
      <subfield code="x">203631</subfield>
    </datafield>
    <datafield tag="852" ind1=" " ind2=" ">
      <subfield code="a">SZ1</subfield>
      <subfield code="b">SZ1</subfield>
      <subfield code="b">SZ1/R1</subfield>
      <subfield code="b">SZ1/131</subfield>
      <subfield code="b">SZ1/R4</subfield>
      <subfield code="b">SZ1/L4</subfield>
      <subfield code="x">203631</subfield>
    </datafield>
    <datafield tag="852" ind1=" " ind2=" ">
      <subfield code="a">P1</subfield>
      <subfield code="b">P1</subfield>
      <subfield code="x">bibPOT0002998</subfield>
    </datafield>
    <datafield tag="852" ind1=" " ind2=" ">
      <subfield code="a">D1</subfield>
      <subfield code="b">D2</subfield>
      <subfield code="x">bibDOT00002791</subfield>
    </datafield>
    <datafield tag="852" ind1=" " ind2=" ">
      <subfield code="a">B13</subfield>
      <subfield code="b">B13</subfield>
      <subfield code="x">8613</subfield>
    </datafield>
    <datafield tag="852" ind1=" " ind2=" ">
      <subfield code="a">SZO1</subfield>
      <subfield code="b">SZO1</subfield>
      <subfield code="x">150422572</subfield>
    </datafield>
    <datafield tag="852" ind1=" " ind2=" ">
      <subfield code="a">B10</subfield>
      <subfield code="b">0801</subfield>
      <subfield code="x">bibFSZ00102659</subfield>
    </datafield>
  </record>