
  <record>
    <leader>00596nam  2200193   4500</leader>
    <controlfield tag="001">MOKKAS0002477924  </controlfield>
    <controlfield tag="005">20060617231113.0</controlfield>
    <controlfield tag="008">990120 1996    xx            00010 eng  </controlfield>
    <datafield tag="020" ind1=" " ind2=" ">
      <subfield code="a">3 8228 8856 7  f. :</subfield>
    </datafield>
    <datafield tag="035" ind1=" " ind2=" ">
      <subfield code="a">bibMIF00016551</subfield>
    </datafield>
    <datafield tag="040" ind1=" " ind2=" ">
      <subfield code="a">MOME</subfield>
    </datafield>
    <datafield tag="100" ind1="1" ind2=" ">
      <subfield code="a">Kitahara, Teruhisa</subfield>
    </datafield>
    <datafield tag="245" ind1="1" ind2="0">
      <subfield code="a">1000 tin toys /</subfield>
      <subfield code="c">Teruhisa Kitahara, Yukio Shimizu</subfield>
    </datafield>
    <datafield tag="260" ind1=" " ind2=" ">
      <subfield code="a">Köln [etc.] :</subfield>
      <subfield code="b">Taschen,</subfield>
      <subfield code="c">1996.</subfield>
    </datafield>
    <datafield tag="300" ind1=" " ind2=" ">
      <subfield code="a">704 p. :</subfield>
      <subfield code="b">ill.</subfield>
    </datafield>
    <datafield tag="650" ind1=" " ind2="7">
      <subfield code="a">bádogjáték</subfield>
      <subfield code="x">gyűjtemény</subfield>
      <subfield code="y">50-es évek</subfield>
      <subfield code="2">szte</subfield>
    </datafield>
    <datafield tag="650" ind1=" " ind2="7">
      <subfield code="a">tin toys</subfield>
      <subfield code="x">collection</subfield>
      <subfield code="y">fifties</subfield>
      <subfield code="2">szte</subfield>
    </datafield>
    <datafield tag="700" ind1="1" ind2=" ">
      <subfield code="a">Shimizu, Yukio</subfield>
    </datafield>
    <datafield tag="852" ind1=" " ind2=" ">
      <subfield code="a">B646</subfield>
      <subfield code="b">B646</subfield>
      <subfield code="x">bibMIF00016551</subfield>
    </datafield>
  </record>