
  <record>
    <leader>00561nam  2200193 i 4500</leader>
    <controlfield tag="001">MOKKAW0005808751  </controlfield>
    <controlfield tag="005">20080419052125.0</controlfield>
    <controlfield tag="008">060629s2006    hu            000 0 hun d</controlfield>
    <datafield tag="020" ind1=" " ind2=" ">
      <subfield code="a">963-369-560-0</subfield>
    </datafield>
    <datafield tag="035" ind1=" " ind2=" ">
      <subfield code="a">BMEOMIKK000473871</subfield>
    </datafield>
    <datafield tag="040" ind1=" " ind2=" ">
      <subfield code="a">BMEOMIKK</subfield>
    </datafield>
    <datafield tag="041" ind1="1" ind2=" ">
      <subfield code="a">hun</subfield>
      <subfield code="h">ger</subfield>
    </datafield>
    <datafield tag="130" ind1="1" ind2="0">
      <subfield code="a">1000 Traktoren</subfield>
      <subfield code="l">magyar</subfield>
    </datafield>
    <datafield tag="245" ind1="1" ind2="0">
      <subfield code="a">1000 traktor : </subfield>
      <subfield code="b">történelem, klasszikusok, technika</subfield>
    </datafield>
    <datafield tag="260" ind1=" " ind2=" ">
      <subfield code="a">Pécs :</subfield>
      <subfield code="b">Alexandra,</subfield>
      <subfield code="c">2006</subfield>
    </datafield>
    <datafield tag="300" ind1=" " ind2=" ">
      <subfield code="a">335 p. ;</subfield>
      <subfield code="c">31 cm</subfield>
    </datafield>
    <datafield tag="500" ind1=" " ind2=" ">
      <subfield code="a">A kiadvány szerzője: Paulitz, Udo</subfield>
    </datafield>
    <datafield tag="700" ind1="1" ind2=" ">
      <subfield code="a">Paulitz, Udo</subfield>
    </datafield>
    <datafield tag="852" ind1=" " ind2=" ">
      <subfield code="a">B11</subfield>
      <subfield code="b">B11</subfield>
      <subfield code="x">BMEOMIKK000473871</subfield>
    </datafield>
  </record>