
  <record>
    <leader>00383cam  22001337 r4500</leader>
    <controlfield tag="001">MOKKAZ0004167564  </controlfield>
    <controlfield tag="005">20040910045417.0</controlfield>
    <controlfield tag="008">      s1960                        und d</controlfield>
    <datafield tag="035" ind1=" " ind2=" ">
      <subfield code="a">bibFSZ00012939</subfield>
    </datafield>
    <datafield tag="040" ind1=" " ind2=" ">
      <subfield code="a">FSZEK</subfield>
    </datafield>
    <datafield tag="245" ind1="0" ind2="0">
      <subfield code="a">1000 tranzisztor és dióda adatai /</subfield>
      <subfield code="c">Házmán István, Hrabál László</subfield>
    </datafield>
    <datafield tag="260" ind1=" " ind2=" ">
      <subfield code="a">[S.l.] :</subfield>
      <subfield code="b">[S.n.],</subfield>
      <subfield code="c">1960</subfield>
    </datafield>
    <datafield tag="300" ind1=" " ind2=" ">
      <subfield code="a">2 db</subfield>
    </datafield>
    <datafield tag="852" ind1=" " ind2=" ">
      <subfield code="a">B10</subfield>
      <subfield code="b">B10</subfield>
      <subfield code="x">bibFSZ00012939</subfield>
    </datafield>
  </record>