
  <record>
    <leader>00659nam  2200193 ir4500</leader>
    <controlfield tag="001">MOKKAS0002339734  </controlfield>
    <controlfield tag="005">20060527091351.0</controlfield>
    <controlfield tag="008">900215c1960    hu a          00001 hun 1</controlfield>
    <datafield tag="035" ind1=" " ind2=" ">
      <subfield code="a">bibSOK277934</subfield>
    </datafield>
    <datafield tag="040" ind1=" " ind2=" ">
      <subfield code="a">SK</subfield>
    </datafield>
    <datafield tag="100" ind1="1" ind2=" ">
      <subfield code="a">Házman István</subfield>
    </datafield>
    <datafield tag="245" ind1="1" ind2="0">
      <subfield code="a">1000 tranzisztor és dióda adatai /</subfield>
      <subfield code="c">Házman István, Hrabál László</subfield>
    </datafield>
    <datafield tag="260" ind1=" " ind2=" ">
      <subfield code="a">Bp. :</subfield>
      <subfield code="b">Rákóczi Lapkiadó,</subfield>
      <subfield code="c">1960</subfield>
    </datafield>
    <datafield tag="300" ind1=" " ind2=" ">
      <subfield code="c">20 cm</subfield>
    </datafield>
    <datafield tag="490" ind1="1" ind2=" ">
      <subfield code="a">(Magyar Honvédelmi Sportszövetség rádióamatőr füzetei ;</subfield>
      <subfield code="v">13-14.)</subfield>
    </datafield>
    <datafield tag="695" ind1=" " ind2=" ">
      <subfield code="a">Elektronika</subfield>
      <subfield code="x">tranzisztor</subfield>
    </datafield>
    <datafield tag="695" ind1=" " ind2=" ">
      <subfield code="a">Elektronika</subfield>
      <subfield code="x">dióda</subfield>
    </datafield>
    <datafield tag="830" ind1=" " ind2="0">
      <subfield code="a">Magyar Honvédelmi Sportszövetség rádióamatőr füzetei</subfield>
    </datafield>
    <datafield tag="852" ind1=" " ind2=" ">
      <subfield code="a">SZ4</subfield>
      <subfield code="b">SZ4</subfield>
      <subfield code="x">bibSOK277934</subfield>
    </datafield>
  </record>