
  <record>
    <leader>00809nam  2200241   4500</leader>
    <controlfield tag="001">MOKKAS0003799714  </controlfield>
    <controlfield tag="005">20090505174954.0</controlfield>
    <controlfield tag="008">961022 1998    hu            00010 hun  </controlfield>
    <datafield tag="020" ind1=" " ind2=" ">
      <subfield code="a">963 85242 2 7</subfield>
    </datafield>
    <datafield tag="035" ind1=" " ind2=" ">
      <subfield code="a">bibJAT00326607</subfield>
    </datafield>
    <datafield tag="040" ind1=" " ind2=" ">
      <subfield code="a">SZTE</subfield>
    </datafield>
    <datafield tag="245" ind1="0" ind2="0">
      <subfield code="a">1000 üzleti levélminta /</subfield>
      <subfield code="c">[Szerk. Fehér István, Cseh Irén, Gál Tibor]</subfield>
    </datafield>
    <datafield tag="250" ind1=" " ind2=" ">
      <subfield code="a">[Utánny.]</subfield>
    </datafield>
    <datafield tag="260" ind1=" " ind2=" ">
      <subfield code="a">Bp. :</subfield>
      <subfield code="b">Intermarkpress 2000,</subfield>
      <subfield code="c">[1998]</subfield>
    </datafield>
    <datafield tag="300" ind1=" " ind2=" ">
      <subfield code="a">609 p. ;</subfield>
      <subfield code="c">20 cm +</subfield>
      <subfield code="e">1 floppy mell.</subfield>
    </datafield>
    <datafield tag="490" ind1="1" ind2=" ">
      <subfield code="a">(Vállalkozók Könyvtára ,</subfield>
      <subfield code="x">1218-4233)</subfield>
    </datafield>
    <datafield tag="650" ind1=" " ind2="7">
      <subfield code="a">Kereskedelmi levelezés</subfield>
      <subfield code="x">szöveggyűjtemény</subfield>
      <subfield code="2">szte</subfield>
    </datafield>
    <datafield tag="700" ind1="1" ind2=" ">
      <subfield code="a">Fehér István</subfield>
    </datafield>
    <datafield tag="700" ind1="1" ind2=" ">
      <subfield code="a">Cseh Irén</subfield>
    </datafield>
    <datafield tag="700" ind1="1" ind2=" ">
      <subfield code="a">Gál Tibor</subfield>
    </datafield>
    <datafield tag="830" ind1=" " ind2="0">
      <subfield code="a">Vállalkozók könyvtára</subfield>
    </datafield>
    <datafield tag="852" ind1=" " ind2=" ">
      <subfield code="a">SZ1</subfield>
      <subfield code="b">SZ1</subfield>
      <subfield code="b">SZ1/SZ3</subfield>
      <subfield code="b">SZ1/KOL</subfield>
      <subfield code="b">SZ1/R1</subfield>
      <subfield code="b">SZ1/S1</subfield>
      <subfield code="x">bibJAT00326607</subfield>
    </datafield>
    <datafield tag="852" ind1=" " ind2=" ">
      <subfield code="a">SZ4</subfield>
      <subfield code="b">SZ4</subfield>
      <subfield code="x">bibJAT00326607</subfield>
    </datafield>
  </record>