
  <record>
    <leader>00950nmm  2200253 i 4500</leader>
    <controlfield tag="001">MOKKAZ0003652466  </controlfield>
    <controlfield tag="005">20071114162707.0</controlfield>
    <controlfield tag="008">010307c1999    hu n       ua       hun d</controlfield>
    <datafield tag="035" ind1=" " ind2=" ">
      <subfield code="a">bibKLT00284727</subfield>
    </datafield>
    <datafield tag="040" ind1=" " ind2=" ">
      <subfield code="a">DEENK</subfield>
    </datafield>
    <datafield tag="245" ind1="0" ind2="0">
      <subfield code="a">1000 üzleti levélminta /</subfield>
      <subfield code="h">[elektronikus dokumentum] /</subfield>
      <subfield code="c">[szerk. Fehér István, Cseh Irén, Gál Tibor]</subfield>
    </datafield>
    <datafield tag="256" ind1=" " ind2=" ">
      <subfield code="a">Szöveg</subfield>
    </datafield>
    <datafield tag="260" ind1=" " ind2=" ">
      <subfield code="a">Budapest :</subfield>
      <subfield code="b">Jogi Kiadó,</subfield>
      <subfield code="c">cop. 1999</subfield>
    </datafield>
    <datafield tag="300" ind1=" " ind2=" ">
      <subfield code="a">1 CD-ROM ;</subfield>
      <subfield code="c">12 cm</subfield>
    </datafield>
    <datafield tag="500" ind1=" " ind2=" ">
      <subfield code="a">Főcím a disc címkéjéről</subfield>
    </datafield>
    <datafield tag="500" ind1=" " ind2=" ">
      <subfield code="a">A levélminták felhasználhatók a Windows alatt működő Word, (.doc) ill. Write (.wri) szövegszerkesztők, valamint a DOS (.txt) rendszerben futó programok segítségével.</subfield>
    </datafield>
    <datafield tag="650" ind1=" " ind2="4">
      <subfield code="a">Kereskedelmi jog</subfield>
    </datafield>
    <datafield tag="650" ind1=" " ind2="0">
      <subfield code="a">Commercial law.</subfield>
    </datafield>
    <datafield tag="650" ind1="0" ind2="4">
      <subfield code="a">levelezés</subfield>
      <subfield code="x">üzleti</subfield>
      <subfield code="x">minták</subfield>
    </datafield>
    <datafield tag="700" ind1="1" ind2=" ">
      <subfield code="a">Fehér István</subfield>
      <subfield code="d">(1929-)</subfield>
    </datafield>
    <datafield tag="700" ind1="1" ind2=" ">
      <subfield code="a">Cseh Irén</subfield>
    </datafield>
    <datafield tag="700" ind1="1" ind2=" ">
      <subfield code="a">Gál Tibor</subfield>
      <subfield code="d">(1947-)</subfield>
    </datafield>
    <datafield tag="852" ind1=" " ind2=" ">
      <subfield code="a">M1</subfield>
      <subfield code="b">M1</subfield>
      <subfield code="x">102772</subfield>
    </datafield>
    <datafield tag="852" ind1=" " ind2=" ">
      <subfield code="a">D1</subfield>
      <subfield code="b">D1/TP</subfield>
      <subfield code="x">bibKLT00284727</subfield>
    </datafield>
  </record>