
  <record>
    <leader>00924nam  2200265 i 4500</leader>
    <controlfield tag="001">MOKKAZ0006381643  </controlfield>
    <controlfield tag="005">20091230123236.0</controlfield>
    <controlfield tag="008">990729s1999    hu a          000 d hun d</controlfield>
    <datafield tag="020" ind1=" " ind2=" ">
      <subfield code="a">963-9133-53-1 (fűzött) :</subfield>
      <subfield code="c">520,-Ft</subfield>
    </datafield>
    <datafield tag="035" ind1=" " ind2=" ">
      <subfield code="a">374655</subfield>
    </datafield>
    <datafield tag="040" ind1=" " ind2=" ">
      <subfield code="a">OSZK</subfield>
    </datafield>
    <datafield tag="041" ind1="0" ind2=" ">
      <subfield code="a">hunhun</subfield>
    </datafield>
    <datafield tag="080" ind1=" " ind2="0">
      <subfield code="a">398.94(439)</subfield>
    </datafield>
    <datafield tag="100" ind1="1" ind2=" ">
      <subfield code="a">Kis Tódor</subfield>
    </datafield>
    <datafield tag="245" ind1="1" ind2="0">
      <subfield code="a">1000 vicc a javából /</subfield>
      <subfield code="c">[Kis Tódor] ; [ill. Tankó Béla]</subfield>
    </datafield>
    <datafield tag="246" ind1="1" ind2="3">
      <subfield code="a">Ezer vicc a javából (borító- és gerinccím)</subfield>
    </datafield>
    <datafield tag="250" ind1=" " ind2=" ">
      <subfield code="a">5. átd. kiad., utánny. /</subfield>
    </datafield>
    <datafield tag="260" ind1=" " ind2=" ">
      <subfield code="a">Budapest :</subfield>
      <subfield code="b">Paginarum,</subfield>
      <subfield code="c">[1999]</subfield>
      <subfield code="e">([Dunaújváros]</subfield>
      <subfield code="f">Text-Print Kft.)</subfield>
    </datafield>
    <datafield tag="300" ind1=" " ind2=" ">
      <subfield code="a">333 p. :</subfield>
      <subfield code="b">ill. ;</subfield>
      <subfield code="c">20 cm</subfield>
    </datafield>
    <datafield tag="650" ind1=" " ind2="4">
      <subfield code="a">Viccek</subfield>
    </datafield>
    <datafield tag="700" ind1="1" ind2=" ">
      <subfield code="a">Tankó Béla</subfield>
      <subfield code="d">(1885-1982)</subfield>
      <subfield code="4">(ill.)</subfield>
    </datafield>
    <datafield tag="852" ind1=" " ind2=" ">
      <subfield code="a">B1</subfield>
      <subfield code="b">B1</subfield>
      <subfield code="x">374655</subfield>
    </datafield>
    <datafield tag="852" ind1=" " ind2=" ">
      <subfield code="a">SZK1</subfield>
      <subfield code="b">SZK1</subfield>
      <subfield code="x">374655</subfield>
    </datafield>
    <datafield tag="852" ind1=" " ind2=" ">
      <subfield code="a">SZL1</subfield>
      <subfield code="b">SZL1</subfield>
      <subfield code="x">bibVFK00203044</subfield>
    </datafield>
    <datafield tag="852" ind1=" " ind2=" ">
      <subfield code="a">B10</subfield>
      <subfield code="b">0801G</subfield>
      <subfield code="b">1903</subfield>
      <subfield code="b">2101</subfield>
      <subfield code="b">1105</subfield>
      <subfield code="b">1106</subfield>
      <subfield code="b">0801</subfield>
      <subfield code="b">0403</subfield>
      <subfield code="b">1302</subfield>
      <subfield code="B">1302</subfield>
      <subfield code="B">0801</subfield>
      <subfield code="B">0801G</subfield>
      <subfield code="B">1903</subfield>
      <subfield code="B">2101</subfield>
      <subfield code="B">1105</subfield>
      <subfield code="x">bibFSZ00197013</subfield>
    </datafield>
  </record>