
  <record>
    <leader>00882nama 22002051i 4500</leader>
    <controlfield tag="001">MOKKAS0000459793  </controlfield>
    <controlfield tag="005">20060117171657.0</controlfield>
    <controlfield tag="008">040607s1954    hu            000 0 hunod</controlfield>
    <datafield tag="035" ind1=" " ind2=" ">
      <subfield code="a">1218566</subfield>
    </datafield>
    <datafield tag="040" ind1=" " ind2=" ">
      <subfield code="a">OSZK</subfield>
    </datafield>
    <datafield tag="041" ind1="0" ind2=" ">
      <subfield code="a">hunhun</subfield>
    </datafield>
    <datafield tag="100" ind1="1" ind2=" ">
      <subfield code="a">Fábry József</subfield>
      <subfield code="c">(cédulakatalógus alapján)</subfield>
    </datafield>
    <datafield tag="245" ind1="1" ind2="0">
      <subfield code="a">1000 V-nál kisebb feszültségű földelt csillagpontú villamos hálózatra kapcsolt fogyasztóberendezések érintésvédelme /</subfield>
      <subfield code="c">Fábry József</subfield>
    </datafield>
    <datafield tag="250" ind1=" " ind2=" ">
      <subfield code="a">[Új lenyomat]</subfield>
    </datafield>
    <datafield tag="260" ind1=" " ind2=" ">
      <subfield code="a">Budapest :</subfield>
      <subfield code="b">Közokt. Jegyzetell. soksz.,</subfield>
      <subfield code="c">1952 [!1954]</subfield>
    </datafield>
    <datafield tag="300" ind1=" " ind2=" ">
      <subfield code="a">36 p. ;</subfield>
      <subfield code="c">20 cm</subfield>
    </datafield>
    <datafield tag="490" ind1="1" ind2=" ">
      <subfield code="a">Mérnöki Továbbképző Intézet 1952-53. évi előadássorozatából</subfield>
      <subfield code="v">1845.</subfield>
    </datafield>
    <datafield tag="500" ind1=" " ind2=" ">
      <subfield code="a">A borítófedélen a megjelenés éve: 1953, a sokszorosító: Felsőokt. Jegyzetell. V.</subfield>
    </datafield>
    <datafield tag="830" ind1=" " ind2="0">
      <subfield code="a">Mérnöki Továbbképző Intézet 1952-53. évi előadássorozatából</subfield>
    </datafield>
    <datafield tag="852" ind1=" " ind2=" ">
      <subfield code="a">B1</subfield>
      <subfield code="b">B1</subfield>
      <subfield code="x">1218566</subfield>
    </datafield>
  </record>