
  <record>
    <leader>00541nama 22001571i 4500</leader>
    <controlfield tag="001">MOKKAS0000465616  </controlfield>
    <controlfield tag="005">20060117173721.0</controlfield>
    <controlfield tag="008">040630s1955    hu            000 0 hunod</controlfield>
    <datafield tag="035" ind1=" " ind2=" ">
      <subfield code="a">1224391</subfield>
    </datafield>
    <datafield tag="040" ind1=" " ind2=" ">
      <subfield code="a">OSZK</subfield>
    </datafield>
    <datafield tag="041" ind1="0" ind2=" ">
      <subfield code="a">hunhun</subfield>
    </datafield>
    <datafield tag="100" ind1="1" ind2=" ">
      <subfield code="a">Fábry József</subfield>
      <subfield code="c">(cédulakatalógus alapján)</subfield>
    </datafield>
    <datafield tag="245" ind1="1" ind2="0">
      <subfield code="a">1000 voltnál kisebb feszültségű fogyasztóberendezések érintésvédelmének méretezése /</subfield>
      <subfield code="c">Fábry József</subfield>
    </datafield>
    <datafield tag="260" ind1=" " ind2=" ">
      <subfield code="a">Budapest :</subfield>
      <subfield code="b">Műszaki Kiadó,</subfield>
      <subfield code="c">1955</subfield>
      <subfield code="e">(Budapest</subfield>
      <subfield code="f">Egyet. Ny.)</subfield>
    </datafield>
    <datafield tag="300" ind1=" " ind2=" ">
      <subfield code="a">79 p., 3 t. ;</subfield>
      <subfield code="c">20 cm</subfield>
    </datafield>
    <datafield tag="852" ind1=" " ind2=" ">
      <subfield code="a">B1</subfield>
      <subfield code="b">B1</subfield>
      <subfield code="x">1224391</subfield>
    </datafield>
  </record>