
  <record>
    <leader>01607fam  2200433 i 4500</leader>
    <controlfield tag="001">MOKKAZ0006367059  </controlfield>
    <controlfield tag="005">20091109070824.0</controlfield>
    <controlfield tag="008">980807s1998    hu       d    000 0 rus d</controlfield>
    <datafield tag="020" ind1=" " ind2=" ">
      <subfield code="a">963-9092-41-X (fűzött)</subfield>
    </datafield>
    <datafield tag="035" ind1=" " ind2=" ">
      <subfield code="a">308747</subfield>
    </datafield>
    <datafield tag="040" ind1=" " ind2=" ">
      <subfield code="a">OSZK</subfield>
    </datafield>
    <datafield tag="041" ind1="0" ind2=" ">
      <subfield code="a">rushunrushun</subfield>
    </datafield>
    <datafield tag="100" ind1="1" ind2=" ">
      <subfield code="a">Fenyvesi István</subfield>
      <subfield code="d">(1931-)</subfield>
    </datafield>
    <datafield tag="245" ind1="1" ind2="0">
      <subfield code="a">1000 voprosov - 1000 otvetov : </subfield>
      <subfield code="b">orosz társalgási gyakorlatok az "A" típusú nyelvvizsgákra! /</subfield>
      <subfield code="c">Fenyvesi István</subfield>
    </datafield>
    <datafield tag="260" ind1=" " ind2=" ">
      <subfield code="a">Székesfehérvár :</subfield>
      <subfield code="b">Lexika,</subfield>
      <subfield code="c">[1998]</subfield>
      <subfield code="e">([Dabas]</subfield>
      <subfield code="f">Reálszisztéma Dabasi Ny.)</subfield>
    </datafield>
    <datafield tag="300" ind1=" " ind2=" ">
      <subfield code="a">255 p. ;</subfield>
      <subfield code="c">21 cm</subfield>
    </datafield>
    <datafield tag="650" ind1=" " ind2="4">
      <subfield code="a">Orosz nyelv</subfield>
      <subfield code="x">vizsgák, kérdések stb.</subfield>
    </datafield>
    <datafield tag="650" ind1=" " ind2="4">
      <subfield code="a">Orosz nyelv</subfield>
      <subfield code="x">feladatok, gyakorlatok stb.</subfield>
    </datafield>
    <datafield tag="650" ind1=" " ind2="0">
      <subfield code="a">Russian language</subfield>
      <subfield code="x">Problems, exercises, etc.</subfield>
    </datafield>
    <datafield tag="650" ind1=" " ind2="0">
      <subfield code="a">Russian language</subfield>
      <subfield code="x">Examinations, questions, etc.</subfield>
    </datafield>
    <datafield tag="650" ind1=" " ind2="7">
      <subfield code="a">Orosz nyelvkönyv</subfield>
      <subfield code="x">társalgási gyakorlatok</subfield>
      <subfield code="2">szte</subfield>
    </datafield>
    <datafield tag="650" ind1=" " ind2="7">
      <subfield code="a">Nyelvvizsga</subfield>
      <subfield code="x">orosz</subfield>
      <subfield code="x">társalgási gyakorlatok</subfield>
      <subfield code="2">szte</subfield>
    </datafield>
    <datafield tag="650" ind1=" " ind2="4">
      <subfield code="a">Orosz nyelvkönyvek</subfield>
    </datafield>
    <datafield tag="650" ind1=" " ind2="4">
      <subfield code="a">Orosz kifejezések. Nyelsajátosságok (idiómák). Halandzsaszavak stb</subfield>
    </datafield>
    <datafield tag="650" ind1=" " ind2="4">
      <subfield code="a">Magyar nyelven</subfield>
    </datafield>
    <datafield tag="650" ind1=" " ind2="7">
      <subfield code="a">nyelvvizsga</subfield>
      <subfield code="2">opkm</subfield>
    </datafield>
    <datafield tag="650" ind1=" " ind2="7">
      <subfield code="a">középiskola</subfield>
      <subfield code="2">opkm</subfield>
    </datafield>
    <datafield tag="650" ind1=" " ind2="7">
      <subfield code="a">középfokú oktatás</subfield>
      <subfield code="2">opkm</subfield>
    </datafield>
    <datafield tag="650" ind1=" " ind2="7">
      <subfield code="a">orosz nyelv tantárgy</subfield>
      <subfield code="2">opkm</subfield>
    </datafield>
    <datafield tag="650" ind1=" " ind2="7">
      <subfield code="a">társalgás</subfield>
      <subfield code="2">opkm</subfield>
    </datafield>
    <datafield tag="651" ind1=" " ind2="4">
      <subfield code="a">Magyarország</subfield>
    </datafield>
    <datafield tag="852" ind1=" " ind2=" ">
      <subfield code="a">B1</subfield>
      <subfield code="b">B1</subfield>
      <subfield code="x">308747</subfield>
    </datafield>
    <datafield tag="852" ind1=" " ind2=" ">
      <subfield code="a">D1</subfield>
      <subfield code="b">D1</subfield>
      <subfield code="x">bibKLT00186918</subfield>
    </datafield>
    <datafield tag="852" ind1=" " ind2=" ">
      <subfield code="a">SZ1</subfield>
      <subfield code="b">SZ1</subfield>
      <subfield code="x">bibJAT00352988</subfield>
    </datafield>
    <datafield tag="852" ind1=" " ind2=" ">
      <subfield code="a">B10</subfield>
      <subfield code="B">0801</subfield>
      <subfield code="b">1304</subfield>
      <subfield code="x">bibFSZ00141208</subfield>
    </datafield>
    <datafield tag="852" ind1=" " ind2=" ">
      <subfield code="a">P1</subfield>
      <subfield code="b">P1/MK</subfield>
      <subfield code="x">bibJPT00176054</subfield>
    </datafield>
    <datafield tag="852" ind1=" " ind2=" ">
      <subfield code="a">SZ4</subfield>
      <subfield code="b">SZ4</subfield>
      <subfield code="x">bibJGY00076436</subfield>
    </datafield>
    <datafield tag="852" ind1=" " ind2=" ">
      <subfield code="a">B14</subfield>
      <subfield code="b">B14</subfield>
      <subfield code="x">OIK408927</subfield>
    </datafield>
    <datafield tag="852" ind1=" " ind2=" ">
      <subfield code="a">B7</subfield>
      <subfield code="b">B7</subfield>
      <subfield code="x">105520</subfield>
    </datafield>
  </record>