
  <record>
    <leader>00639nam  2200205 i 4500</leader>
    <controlfield tag="001">MOKKAS0003413321  </controlfield>
    <controlfield tag="005">20060604124938.0</controlfield>
    <controlfield tag="008">050713s                            rus d</controlfield>
    <datafield tag="020" ind1=" " ind2=" ">
      <subfield code="a">963 7693 89 0</subfield>
    </datafield>
    <datafield tag="035" ind1=" " ind2=" ">
      <subfield code="a">255148</subfield>
    </datafield>
    <datafield tag="040" ind1=" " ind2=" ">
      <subfield code="a">OIK</subfield>
    </datafield>
    <datafield tag="041" ind1="0" ind2=" ">
      <subfield code="a">rushun</subfield>
    </datafield>
    <datafield tag="100" ind1="1" ind2=" ">
      <subfield code="a">Fenyvesi István</subfield>
    </datafield>
    <datafield tag="245" ind1="1" ind2="0">
      <subfield code="a">1000 voprosov - 1000 otvetov : </subfield>
      <subfield code="b">Orosz társalgási gyakorlatok az "A" típusú nyelvvizsgákra /</subfield>
      <subfield code="c">[írta és szerk. Fenyvesi István]</subfield>
    </datafield>
    <datafield tag="260" ind1=" " ind2=" ">
      <subfield code="a">Székesfehérvár :</subfield>
      <subfield code="b">Lexika,</subfield>
      <subfield code="c">[199?]</subfield>
    </datafield>
    <datafield tag="300" ind1=" " ind2=" ">
      <subfield code="a">255 p. ;</subfield>
      <subfield code="c">21 cm</subfield>
    </datafield>
    <datafield tag="650" ind1=" " ind2="4">
      <subfield code="a">Orosz nyelvkönyvek</subfield>
    </datafield>
    <datafield tag="650" ind1=" " ind2="4">
      <subfield code="a">Orosz kifejezések</subfield>
    </datafield>
    <datafield tag="650" ind1=" " ind2="4">
      <subfield code="a">Magyar nyelven</subfield>
    </datafield>
    <datafield tag="852" ind1=" " ind2=" ">
      <subfield code="a">B14</subfield>
      <subfield code="b">B14</subfield>
      <subfield code="x">255148</subfield>
    </datafield>
  </record>