
  <record>
    <leader>00504nam  2200181 i 4500</leader>
    <controlfield tag="001">MOKKAS0003562469  </controlfield>
    <controlfield tag="005">20060606080237.0</controlfield>
    <controlfield tag="008">050714s1974                        rus d</controlfield>
    <datafield tag="035" ind1=" " ind2=" ">
      <subfield code="a">716715</subfield>
    </datafield>
    <datafield tag="040" ind1=" " ind2=" ">
      <subfield code="a">OIK</subfield>
    </datafield>
    <datafield tag="041" ind1="0" ind2=" ">
      <subfield code="a">rus</subfield>
    </datafield>
    <datafield tag="100" ind1="1" ind2=" ">
      <subfield code="a">Pukinskij, Bronislav Kazimirovič</subfield>
    </datafield>
    <datafield tag="245" ind1="1" ind2="0">
      <subfield code="a">1000 voprosov i otvetov o Leningrade /</subfield>
      <subfield code="c">B. K. Pukinskij</subfield>
    </datafield>
    <datafield tag="260" ind1=" " ind2=" ">
      <subfield code="a">Leningrad :</subfield>
      <subfield code="b">Lenizdat,</subfield>
      <subfield code="c">1974</subfield>
    </datafield>
    <datafield tag="300" ind1=" " ind2=" ">
      <subfield code="a">485 p. :</subfield>
      <subfield code="b">ill. ;</subfield>
      <subfield code="c">18 cm</subfield>
    </datafield>
    <datafield tag="500" ind1=" " ind2=" ">
      <subfield code="a">Cirill betűs</subfield>
    </datafield>
    <datafield tag="651" ind1=" " ind2="4">
      <subfield code="a">Sankt-Peterburg</subfield>
    </datafield>
    <datafield tag="852" ind1=" " ind2=" ">
      <subfield code="a">B14</subfield>
      <subfield code="b">B14</subfield>
      <subfield code="x">716715</subfield>
    </datafield>
  </record>