
  <record>
    <leader>00862nam  2200229 i 4500</leader>
    <controlfield tag="001">MOKKAS0003797249  </controlfield>
    <controlfield tag="005">20091228162552.0</controlfield>
    <controlfield tag="008">970904s1997    hu            00010 rus d</controlfield>
    <datafield tag="020" ind1=" " ind2=" ">
      <subfield code="a">963 7693 89 0</subfield>
    </datafield>
    <datafield tag="035" ind1=" " ind2=" ">
      <subfield code="a">bibJAT00292842</subfield>
    </datafield>
    <datafield tag="040" ind1=" " ind2=" ">
      <subfield code="a">SZTE</subfield>
    </datafield>
    <datafield tag="041" ind1=" " ind2=" ">
      <subfield code="a">rushun</subfield>
    </datafield>
    <datafield tag="080" ind1=" " ind2=" ">
      <subfield code="a">808.2.7</subfield>
    </datafield>
    <datafield tag="100" ind1="1" ind2=" ">
      <subfield code="a">Fenyvesi István</subfield>
    </datafield>
    <datafield tag="245" ind1="1" ind2="0">
      <subfield code="a">1000 voprosov-1000 otvetov :</subfield>
      <subfield code="b">orosz társalgási gyakorlatok az "A" típusú nyelvvizsgákra! /</subfield>
      <subfield code="c">[írta, szerk. Fenyvesi István]</subfield>
    </datafield>
    <datafield tag="260" ind1=" " ind2=" ">
      <subfield code="a">Székesfehérvár :</subfield>
      <subfield code="b">Lexika,</subfield>
      <subfield code="c">[1997]</subfield>
    </datafield>
    <datafield tag="300" ind1=" " ind2=" ">
      <subfield code="a">255 p. ;</subfield>
      <subfield code="c">21 cm</subfield>
    </datafield>
    <datafield tag="650" ind1=" " ind2="7">
      <subfield code="a">Orosz nyelvkönyv</subfield>
      <subfield code="x">társalgási gyakorlatok</subfield>
    </datafield>
    <datafield tag="650" ind1=" " ind2="7">
      <subfield code="a">Nyelvvizsga</subfield>
      <subfield code="x">orosz</subfield>
      <subfield code="x">társalgási gyakorlatok</subfield>
    </datafield>
    <datafield tag="650" ind1=" " ind2="7">
      <subfield code="a">Orosz nyelvkönyv</subfield>
      <subfield code="x">társalgási gyakorlatok</subfield>
      <subfield code="2">szte</subfield>
    </datafield>
    <datafield tag="650" ind1=" " ind2="7">
      <subfield code="a">Nyelvvizsga</subfield>
      <subfield code="x">orosz</subfield>
      <subfield code="x">társalgási gyakorlatok</subfield>
      <subfield code="2">szte</subfield>
    </datafield>
    <datafield tag="852" ind1=" " ind2=" ">
      <subfield code="a">SZ1</subfield>
      <subfield code="b">SZ/87</subfield>
      <subfield code="b">SZ1/B3</subfield>
      <subfield code="b">SZ10/OR</subfield>
      <subfield code="b">SZ1/R1</subfield>
      <subfield code="b">SZ1/17</subfield>
      <subfield code="x">bibJAT00292842</subfield>
    </datafield>
  </record>