
  <record>
    <leader>00580nam  2200169 i 4500</leader>
    <controlfield tag="001">MOKKAS0003759758  </controlfield>
    <controlfield tag="005">20060615061035.0</controlfield>
    <controlfield tag="008">980425s1986    ge a          00010 ger d</controlfield>
    <datafield tag="020" ind1=" " ind2=" ">
      <subfield code="a">3-924456-43-7 (kötött)</subfield>
    </datafield>
    <datafield tag="035" ind1=" " ind2=" ">
      <subfield code="a">bibTMK118037</subfield>
    </datafield>
    <datafield tag="040" ind1=" " ind2=" ">
      <subfield code="a">IGYUK</subfield>
    </datafield>
    <datafield tag="245" ind1="0" ind2="0">
      <subfield code="a">1000 Witze und Denkspiele :</subfield>
      <subfield code="b">für Jungen und Mädchen /</subfield>
      <subfield code="c">[gefüllt von Helmut Höfling] ; [bemalt mit vielen Bildern von Lilo Busch]</subfield>
    </datafield>
    <datafield tag="260" ind1=" " ind2=" ">
      <subfield code="a">Sauerland :</subfield>
      <subfield code="b">Edition Aktuell,</subfield>
      <subfield code="c">cop. 1986</subfield>
    </datafield>
    <datafield tag="300" ind1=" " ind2=" ">
      <subfield code="a">290 p. :</subfield>
      <subfield code="b">ill. ;</subfield>
      <subfield code="c">19 cm</subfield>
    </datafield>
    <datafield tag="650" ind1=" " ind2="4">
      <subfield code="a">Vicckönyvek</subfield>
    </datafield>
    <datafield tag="700" ind1="1" ind2=" ">
      <subfield code="a">Höfling, Helmut</subfield>
    </datafield>
    <datafield tag="852" ind1=" " ind2=" ">
      <subfield code="a">SZK1</subfield>
      <subfield code="b">SZK1</subfield>
      <subfield code="x">bibTMK118037</subfield>
    </datafield>
  </record>