
  <record>
    <leader>02045aam  2200505 ir4500</leader>
    <controlfield tag="001">MOKKAZ0006296035  </controlfield>
    <controlfield tag="005">20100917201946.0</controlfield>
    <controlfield tag="008">940511t19881985hu            000 0 eng d</controlfield>
    <datafield tag="020" ind1=" " ind2=" ">
      <subfield code="a">963-7222-23-5 (kötött) :</subfield>
      <subfield code="c">119-, Ft</subfield>
    </datafield>
    <datafield tag="035" ind1=" " ind2=" ">
      <subfield code="a">734224</subfield>
    </datafield>
    <datafield tag="040" ind1=" " ind2=" ">
      <subfield code="a">OSZK</subfield>
    </datafield>
    <datafield tag="041" ind1="0" ind2=" ">
      <subfield code="a">engrusenghunrus</subfield>
      <subfield code="g">hun</subfield>
    </datafield>
    <datafield tag="080" ind1=" " ind2=" ">
      <subfield code="a">801.321.19=20=82</subfield>
    </datafield>
    <datafield tag="100" ind1="1" ind2=" ">
      <subfield code="a">Le Bigot-Macaux, Armelle</subfield>
    </datafield>
    <datafield tag="240" ind1="1" ind2="0">
      <subfield code="a">1000 mots en images</subfield>
      <subfield code="l">(angol, magyar, orosz)</subfield>
    </datafield>
    <datafield tag="245" ind1="1" ind2="0">
      <subfield code="a">1000 words in pictures = </subfield>
      <subfield code="b">1000 szó képekben = 1000 slov v kartinkah /</subfield>
      <subfield code="c">author Armelle Le Bigot-Macaux /</subfield>
      <subfield code="c">írta Armelle Le Bigot-Macaux /</subfield>
      <subfield code="c">avtor Armel' Le Bigo-Mako ; ill. Catherine Nouvelle ; ill. Catherine Nouvelle ; ill. Katrin Nuvel'</subfield>
    </datafield>
    <datafield tag="246" ind1="1" ind2="1">
      <subfield code="a">1000 szó képekben</subfield>
    </datafield>
    <datafield tag="246" ind1="1" ind2="1">
      <subfield code="a">1000 slov v kartinkah</subfield>
    </datafield>
    <datafield tag="246" ind1="1" ind2="4">
      <subfield code="a">1000 szó képekben, in English, po-russki</subfield>
    </datafield>
    <datafield tag="260" ind1=" " ind2=" ">
      <subfield code="a">Budapest :</subfield>
      <subfield code="b">Interpress,</subfield>
      <subfield code="c">1988</subfield>
      <subfield code="e">(Budapest</subfield>
      <subfield code="f">Kossuth)</subfield>
    </datafield>
    <datafield tag="300" ind1=" " ind2=" ">
      <subfield code="a">70 p. :</subfield>
      <subfield code="b">ill., színes ;</subfield>
      <subfield code="c">27 cm</subfield>
    </datafield>
    <datafield tag="490" ind1="1" ind2=" ">
      <subfield code="a">IPM könyvtár</subfield>
      <subfield code="x">0238-1710</subfield>
    </datafield>
    <datafield tag="500" ind1=" " ind2=" ">
      <subfield code="a">A képaláírások csak angol és orosz nyelven</subfield>
    </datafield>
    <datafield tag="650" ind1=" " ind2="4">
      <subfield code="a">angol nyelv</subfield>
    </datafield>
    <datafield tag="650" ind1=" " ind2="4">
      <subfield code="a">nyelvkönyvek</subfield>
    </datafield>
    <datafield tag="650" ind1=" " ind2="4">
      <subfield code="a">Orosz nyelv</subfield>
    </datafield>
    <datafield tag="650" ind1=" " ind2="4">
      <subfield code="a">Képeskönyvek gyermekeknek</subfield>
    </datafield>
    <datafield tag="650" ind1=" " ind2="4">
      <subfield code="a">Angol nyelv</subfield>
      <subfield code="x">szótárak</subfield>
      <subfield code="x">magyar</subfield>
    </datafield>
    <datafield tag="650" ind1=" " ind2="4">
      <subfield code="a">Orosz nyelv</subfield>
      <subfield code="x">szótárak</subfield>
      <subfield code="x">magyar</subfield>
    </datafield>
    <datafield tag="695" ind1=" " ind2=" ">
      <subfield code="a">xxx</subfield>
    </datafield>
    <datafield tag="695" ind1=" " ind2=" ">
      <subfield code="a">Angol nyelvkönyv</subfield>
      <subfield code="x">gyerekeknek</subfield>
    </datafield>
    <datafield tag="695" ind1=" " ind2=" ">
      <subfield code="a">Orosz nyelvkönyv</subfield>
      <subfield code="x">gyerekeknek</subfield>
    </datafield>
    <datafield tag="700" ind1="1" ind2=" ">
      <subfield code="a">Nouvelle, Catherine</subfield>
      <subfield code="4">(ill.)</subfield>
    </datafield>
    <datafield tag="830" ind1=" " ind2="0">
      <subfield code="a">IPM könyvtár</subfield>
    </datafield>
    <datafield tag="852" ind1=" " ind2=" ">
      <subfield code="a">B1</subfield>
      <subfield code="b">B1</subfield>
      <subfield code="x">734224</subfield>
    </datafield>
    <datafield tag="852" ind1=" " ind2=" ">
      <subfield code="a">P1</subfield>
      <subfield code="b">P1/FK</subfield>
      <subfield code="x">bibJPT00214892</subfield>
    </datafield>
    <datafield tag="852" ind1=" " ind2=" ">
      <subfield code="a">SZ4</subfield>
      <subfield code="b">SZ4</subfield>
      <subfield code="x">bibSOK00052740</subfield>
    </datafield>
    <datafield tag="852" ind1=" " ind2=" ">
      <subfield code="a">BCS1</subfield>
      <subfield code="b">BCS1</subfield>
      <subfield code="x">bibBKO00124443</subfield>
    </datafield>
    <datafield tag="852" ind1=" " ind2=" ">
      <subfield code="a">M2</subfield>
      <subfield code="b">M2</subfield>
      <subfield code="x">bibRFK00070242</subfield>
    </datafield>
    <datafield tag="852" ind1=" " ind2=" ">
      <subfield code="a">SZL1</subfield>
      <subfield code="b">SZL1</subfield>
      <subfield code="x">bibVFK00175424</subfield>
    </datafield>
    <datafield tag="852" ind1=" " ind2=" ">
      <subfield code="a">D1</subfield>
      <subfield code="b">HBO8</subfield>
      <subfield code="b">D1</subfield>
      <subfield code="x">963 7222 23 5</subfield>
    </datafield>
    <datafield tag="852" ind1=" " ind2=" ">
      <subfield code="a">SZK1</subfield>
      <subfield code="b">SZK1</subfield>
      <subfield code="x">bibTMK104391</subfield>
    </datafield>
    <datafield tag="852" ind1=" " ind2=" ">
      <subfield code="a">B10</subfield>
      <subfield code="b">0801G</subfield>
      <subfield code="b">1801</subfield>
      <subfield code="b">1803</subfield>
      <subfield code="b">1903</subfield>
      <subfield code="b">2002</subfield>
      <subfield code="b">2103</subfield>
      <subfield code="b">2104</subfield>
      <subfield code="b">2105</subfield>
      <subfield code="b">0902</subfield>
      <subfield code="b">1802</subfield>
      <subfield code="b">1308</subfield>
      <subfield code="b">0404</subfield>
      <subfield code="b">0401</subfield>
      <subfield code="b">0403</subfield>
      <subfield code="b">0602</subfield>
      <subfield code="b">1704</subfield>
      <subfield code="b">1004</subfield>
      <subfield code="b">1003</subfield>
      <subfield code="b">0802</subfield>
      <subfield code="b">1702</subfield>
      <subfield code="b">1601</subfield>
      <subfield code="b">2101</subfield>
      <subfield code="b">0101</subfield>
      <subfield code="b">1106</subfield>
      <subfield code="b">1105</subfield>
      <subfield code="b">1202</subfield>
      <subfield code="b">0307C</subfield>
      <subfield code="b">0204</subfield>
      <subfield code="b">1103</subfield>
      <subfield code="b">2203</subfield>
      <subfield code="b">0202</subfield>
      <subfield code="x">bibFSZ00030882</subfield>
    </datafield>
    <datafield tag="852" ind1=" " ind2=" ">
      <subfield code="a">B3</subfield>
      <subfield code="b">B3</subfield>
      <subfield code="x">000089894</subfield>
    </datafield>
    <datafield tag="852" ind1=" " ind2=" ">
      <subfield code="a">B7</subfield>
      <subfield code="b">B7</subfield>
      <subfield code="x">182014</subfield>
    </datafield>
  </record>