
  <record>
    <leader>00499nama 22001451i 4500</leader>
    <controlfield tag="001">MOKKAS0000591894  </controlfield>
    <controlfield tag="005">20060118005628.0</controlfield>
    <controlfield tag="008">041001s195?    ch            000 0 gerod</controlfield>
    <datafield tag="035" ind1=" " ind2=" ">
      <subfield code="a">1350714</subfield>
    </datafield>
    <datafield tag="040" ind1=" " ind2=" ">
      <subfield code="a">OSZK</subfield>
    </datafield>
    <datafield tag="041" ind1="0" ind2=" ">
      <subfield code="a">gerger</subfield>
    </datafield>
    <datafield tag="245" ind1="0" ind2="0">
      <subfield code="a">1000 Worte ungarisch /</subfield>
      <subfield code="c">[hrsg. von der] Flüchtlingshilfe für Ungarn der Buchdruker-Fachschule</subfield>
    </datafield>
    <datafield tag="260" ind1=" " ind2=" ">
      <subfield code="a">Zürich :</subfield>
      <subfield code="b">Flüchtlingshilfe für Ungarn der Buchdrucker-Fachschule,</subfield>
      <subfield code="c">[195?]</subfield>
      <subfield code="e">(Zürich</subfield>
      <subfield code="f">[s.n.])</subfield>
    </datafield>
    <datafield tag="300" ind1=" " ind2=" ">
      <subfield code="a">35 p. ;</subfield>
      <subfield code="c">Har. 15 cm</subfield>
    </datafield>
    <datafield tag="852" ind1=" " ind2=" ">
      <subfield code="a">B1</subfield>
      <subfield code="b">B1</subfield>
      <subfield code="x">1350714</subfield>
    </datafield>
  </record>