
  <record>
    <leader>01955njm  2200301 i 4500</leader>
    <controlfield tag="001">MOKKAZ0003609130  </controlfield>
    <controlfield tag="005">20061227110354.0</controlfield>
    <controlfield tag="008">000606s2000    hu   nn          1  eng d</controlfield>
    <datafield tag="028" ind1="0" ind2="0">
      <subfield code="a">HCD 16859</subfield>
      <subfield code="b">Hungaroton Classic</subfield>
    </datafield>
    <datafield tag="035" ind1=" " ind2=" ">
      <subfield code="a">bibKLT00266079</subfield>
    </datafield>
    <datafield tag="040" ind1=" " ind2=" ">
      <subfield code="a">DEENK</subfield>
    </datafield>
    <datafield tag="041" ind1=" " ind2=" ">
      <subfield code="g">enghun</subfield>
    </datafield>
    <datafield tag="245" ind1="0" ind2="0">
      <subfield code="a">1000 years +</subfield>
      <subfield code="h">[Hgf.] :</subfield>
      <subfield code="b">on the guitar /</subfield>
      <subfield code="c">arr. by Dániel Benkő</subfield>
    </datafield>
    <datafield tag="246" ind1="1" ind2="3">
      <subfield code="a">Ezer év gitáron</subfield>
    </datafield>
    <datafield tag="260" ind1=" " ind2=" ">
      <subfield code="a">[Budapest] :</subfield>
      <subfield code="b">Hungaroton Classic,</subfield>
      <subfield code="c">2000</subfield>
    </datafield>
    <datafield tag="300" ind1=" " ind2=" ">
      <subfield code="a">1 CD :</subfield>
      <subfield code="b">AAD, DDD ;</subfield>
      <subfield code="c">12 cm +</subfield>
      <subfield code="e">melléklet</subfield>
    </datafield>
    <datafield tag="306" ind1=" " ind2=" ">
      <subfield code="a">(62 min 03 s)</subfield>
    </datafield>
    <datafield tag="505" ind1="0" ind2="0">
      <subfield code="t">1000 év + gitáron.</subfield>
      <subfield code="g">1.</subfield>
      <subfield code="t">Blanka = Bianca /</subfield>
      <subfield code="r">Benkő +</subfield>
      <subfield code="g">2.</subfield>
      <subfield code="t">Mikor elindul a vonat = Traveller /</subfield>
      <subfield code="r">Demjén - Presser - Benkő +</subfield>
      <subfield code="g">3.</subfield>
      <subfield code="t">Szépek és bolondok = Foolish and beautiful /</subfield>
      <subfield code="r">Presser - Benkő +</subfield>
      <subfield code="g">4.</subfield>
      <subfield code="t">Orangerie /</subfield>
      <subfield code="r">Benkő +</subfield>
      <subfield code="g">5.</subfield>
      <subfield code="t">Könyörgés = Prayer /</subfield>
      <subfield code="r">Presser - Adamis - Benkő +</subfield>
      <subfield code="g">6.</subfield>
      <subfield code="t">Cavatina /</subfield>
      <subfield code="r">Myers - Benkő +</subfield>
      <subfield code="g">7.</subfield>
      <subfield code="t">Bahamas /</subfield>
      <subfield code="r">Benkő +</subfield>
      <subfield code="g">8.</subfield>
      <subfield code="t">Moult sui /</subfield>
      <subfield code="r">Machault - Benkő +</subfield>
      <subfield code="g">9.</subfield>
      <subfield code="t">Zsidó tánc = Jewish dance /</subfield>
      <subfield code="r">Neusidler - Benkő +</subfield>
      <subfield code="g">10.</subfield>
      <subfield code="t">Historikus szvit = Historical suite /</subfield>
      <subfield code="r">Ismeretlen - Benkő +</subfield>
      <subfield code="g">11.</subfield>
      <subfield code="t">Andante /</subfield>
      <subfield code="r">Vivaldi - Benkő</subfield>
    </datafield>
    <datafield tag="505" ind1="0" ind2="0">
      <subfield code="g">12.</subfield>
      <subfield code="t">Datolya = Dates /</subfield>
      <subfield code="r">Ismeretlen - Benkő +</subfield>
      <subfield code="g">13.</subfield>
      <subfield code="t">Brazil = Brasil /</subfield>
      <subfield code="r">Villa-Lobos - Benkő +</subfield>
      <subfield code="g">14.</subfield>
      <subfield code="t">Estrellita /</subfield>
      <subfield code="r">Ponce - Benkő +</subfield>
      <subfield code="g">15.</subfield>
      <subfield code="t">Tango /</subfield>
      <subfield code="r">Ismeretlen - Benkő +</subfield>
      <subfield code="g">16.</subfield>
      <subfield code="t">Románc = Romance /</subfield>
      <subfield code="r">Ismeretlen - Benkő +</subfield>
      <subfield code="g">17.</subfield>
      <subfield code="t">Matanzas /</subfield>
      <subfield code="r">Ismeretlen - Benkő +</subfield>
      <subfield code="g">18.</subfield>
      <subfield code="t">A 2000. év  = The Year 2000 /</subfield>
      <subfield code="r">Benkő +</subfield>
      <subfield code="g">19.</subfield>
      <subfield code="t">Körbe-körbe = Round around /</subfield>
      <subfield code="r">Benkő +</subfield>
      <subfield code="g">20.</subfield>
      <subfield code="t">Az álom hangja = Sound of dream /</subfield>
      <subfield code="r">Benkő +</subfield>
      <subfield code="g">21.</subfield>
      <subfield code="t">Latin nő = Latin woman /</subfield>
      <subfield code="r">Benkő +</subfield>
      <subfield code="g">22.</subfield>
      <subfield code="t">Az utolsó bossanova = Last bossanova /</subfield>
      <subfield code="r">Benkő</subfield>
    </datafield>
    <datafield tag="511" ind1="2" ind2=" ">
      <subfield code="a">Dániel Benkő (gitár)</subfield>
    </datafield>
    <datafield tag="695" ind1=" " ind2=" ">
      <subfield code="a">gitárművek</subfield>
      <subfield code="x">átirat</subfield>
    </datafield>
    <datafield tag="700" ind1="1" ind2=" ">
      <subfield code="a">Benkő Dániel</subfield>
      <subfield code="d">(1947-)</subfield>
    </datafield>
    <datafield tag="700" ind1="1" ind2=" ">
      <subfield code="a">Demjén Ferenc</subfield>
      <subfield code="d">(1946-)</subfield>
    </datafield>
    <datafield tag="700" ind1="1" ind2=" ">
      <subfield code="a">Presser Gábor</subfield>
      <subfield code="d">(1948-)</subfield>
    </datafield>
    <datafield tag="700" ind1="1" ind2=" ">
      <subfield code="a">Adamis Anna</subfield>
      <subfield code="d">(1943-)</subfield>
    </datafield>
    <datafield tag="700" ind1="1" ind2=" ">
      <subfield code="a">Vivaldi, Antonio</subfield>
      <subfield code="d">(1678-1741)</subfield>
    </datafield>
    <datafield tag="700" ind1="1" ind2=" ">
      <subfield code="a">Ponce, Manuel Maria</subfield>
      <subfield code="d">(1882-1948)</subfield>
    </datafield>
    <datafield tag="852" ind1=" " ind2=" ">
      <subfield code="a">D1</subfield>
      <subfield code="b">D1/Z</subfield>
      <subfield code="x">bibKLT00266079</subfield>
    </datafield>
  </record>