
  <record>
    <leader>00387nama 22001451i 4500</leader>
    <controlfield tag="001">MOKKAS0000710700  </controlfield>
    <controlfield tag="005">20060118201018.0</controlfield>
    <controlfield tag="008">041105s1973    xxc           000 0 engod</controlfield>
    <datafield tag="035" ind1=" " ind2=" ">
      <subfield code="a">1469712</subfield>
    </datafield>
    <datafield tag="040" ind1=" " ind2=" ">
      <subfield code="a">OSZK</subfield>
    </datafield>
    <datafield tag="041" ind1="0" ind2=" ">
      <subfield code="a">engeng</subfield>
    </datafield>
    <datafield tag="245" ind1="0" ind2="0">
      <subfield code="a">1000 years of Hungarian Christianity</subfield>
    </datafield>
    <datafield tag="260" ind1=" " ind2=" ">
      <subfield code="a">Toronto :</subfield>
      <subfield code="b">Sovereign Press,</subfield>
      <subfield code="c">[1973]</subfield>
    </datafield>
    <datafield tag="300" ind1=" " ind2=" ">
      <subfield code="a">[22] fol. :</subfield>
      <subfield code="b">ill. ;</subfield>
      <subfield code="c">28 cm</subfield>
    </datafield>
    <datafield tag="852" ind1=" " ind2=" ">
      <subfield code="a">B1</subfield>
      <subfield code="b">B1</subfield>
      <subfield code="x">1469712</subfield>
    </datafield>
  </record>