
  <record>
    <leader>00458nama 22001691i 4500</leader>
    <controlfield tag="001">MOKKAS0000607584  </controlfield>
    <controlfield tag="005">20060118024415.0</controlfield>
    <controlfield tag="008">041001s1958    us            000 0 engod</controlfield>
    <datafield tag="035" ind1=" " ind2=" ">
      <subfield code="a">1366408</subfield>
    </datafield>
    <datafield tag="040" ind1=" " ind2=" ">
      <subfield code="a">OSZK</subfield>
    </datafield>
    <datafield tag="041" ind1="0" ind2=" ">
      <subfield code="a">engeng</subfield>
    </datafield>
    <datafield tag="100" ind1="1" ind2=" ">
      <subfield code="a">Lengyel Emil</subfield>
      <subfield code="d">(1895-1985)</subfield>
    </datafield>
    <datafield tag="245" ind1="1" ind2="0">
      <subfield code="a">1,000 years of Hungary /</subfield>
      <subfield code="c">Emil Lengyel</subfield>
    </datafield>
    <datafield tag="260" ind1=" " ind2=" ">
      <subfield code="a">New York :</subfield>
      <subfield code="b">The John Day Co.,</subfield>
      <subfield code="c">1958</subfield>
    </datafield>
    <datafield tag="300" ind1=" " ind2=" ">
      <subfield code="a">312 p. ;</subfield>
      <subfield code="c">21cm</subfield>
    </datafield>
    <datafield tag="504" ind1=" " ind2=" ">
      <subfield code="a">Bibliogr.: p. 305-306.</subfield>
    </datafield>
    <datafield tag="852" ind1=" " ind2=" ">
      <subfield code="a">B1</subfield>
      <subfield code="b">B1</subfield>
      <subfield code="x">1366408</subfield>
    </datafield>
  </record>