
  <record>
    <leader>00708nam  2200205   4500</leader>
    <controlfield tag="001">MOKKAN0004713432  </controlfield>
    <controlfield tag="005">20070706123346.0</controlfield>
    <controlfield tag="008">070704s1961                        eng d</controlfield>
    <datafield tag="020" ind1=" " ind2=" ">
      <subfield code="a">(fűzött) :</subfield>
    </datafield>
    <datafield tag="035" ind1=" " ind2=" ">
      <subfield code="a">bibFSZ01366943</subfield>
    </datafield>
    <datafield tag="040" ind1=" " ind2=" ">
      <subfield code="a">FSZEK</subfield>
    </datafield>
    <datafield tag="041" ind1=" " ind2=" ">
      <subfield code="a">eng</subfield>
    </datafield>
    <datafield tag="245" ind1="0" ind2="0">
      <subfield code="a">1000 years of Irish prose :</subfield>
      <subfield code="b">the literary revival /</subfield>
      <subfield code="c">ed. with an introd. by Vivian Mercier and David H. Greene</subfield>
    </datafield>
    <datafield tag="260" ind1=" " ind2=" ">
      <subfield code="a">New York :</subfield>
      <subfield code="b">Grosset &amp; Dunlap,</subfield>
      <subfield code="c">1961</subfield>
    </datafield>
    <datafield tag="300" ind1=" " ind2=" ">
      <subfield code="a">XXIX, 607, [3] p. ;</subfield>
      <subfield code="c">21 cm</subfield>
    </datafield>
    <datafield tag="490" ind1="1" ind2=" ">
      <subfield code="a">(Grosset's universal library ;</subfield>
      <subfield code="v">121.)</subfield>
    </datafield>
    <datafield tag="700" ind1="1" ind2=" ">
      <subfield code="a">Mercier, Vivian</subfield>
      <subfield code="d">(1919-1989)</subfield>
      <subfield code="4">szerk., bev.</subfield>
    </datafield>
    <datafield tag="700" ind1="1" ind2=" ">
      <subfield code="a">Greene, David H.</subfield>
      <subfield code="4">szerk., bev.</subfield>
    </datafield>
    <datafield tag="830" ind1=" " ind2="0">
      <subfield code="a">Grosset's universal library</subfield>
    </datafield>
    <datafield tag="852" ind1=" " ind2=" ">
      <subfield code="a">B10</subfield>
      <subfield code="b">B10</subfield>
      <subfield code="x">bibFSZ01366943</subfield>
    </datafield>
  </record>