
  <record>
    <leader>00809nam  2200217 i 4500</leader>
    <controlfield tag="001">MOKKAZ0003736074  </controlfield>
    <controlfield tag="005">20040909214834.0</controlfield>
    <controlfield tag="008">030311s1996    yu a          00010 scc d</controlfield>
    <datafield tag="020" ind1=" " ind2=" ">
      <subfield code="a">8681453173</subfield>
    </datafield>
    <datafield tag="035" ind1=" " ind2=" ">
      <subfield code="a">bibKLT00330057</subfield>
    </datafield>
    <datafield tag="040" ind1=" " ind2=" ">
      <subfield code="a">DEENK</subfield>
    </datafield>
    <datafield tag="245" ind1="0" ind2="0">
      <subfield code="a">1000 zadataka :</subfield>
      <subfield code="b">sa matematickich takmicenja ucenika osnovnich skola :1986-1995. godine /</subfield>
      <subfield code="c">redaktori: Vojislav Andric [et al.]</subfield>
    </datafield>
    <datafield tag="246" ind1="1" ind2="4">
      <subfield code="a">Drustvo Matematicara Srbije. Materijali za mlade matematicare</subfield>
    </datafield>
    <datafield tag="260" ind1=" " ind2=" ">
      <subfield code="a">Beograd :</subfield>
      <subfield code="b">Drustvo Matematicara Srbije,</subfield>
      <subfield code="c">1996</subfield>
    </datafield>
    <datafield tag="300" ind1=" " ind2=" ">
      <subfield code="a">260 p. :</subfield>
      <subfield code="b">ill. ;</subfield>
      <subfield code="c">20 cm</subfield>
    </datafield>
    <datafield tag="650" ind1=" " ind2="4">
      <subfield code="a">Matematika</subfield>
      <subfield code="x">versenyek</subfield>
    </datafield>
    <datafield tag="650" ind1=" " ind2="4">
      <subfield code="a">Matematika</subfield>
      <subfield code="x">feladatok, gyakorlatok stb.</subfield>
    </datafield>
    <datafield tag="650" ind1=" " ind2="0">
      <subfield code="a">Mathematics</subfield>
      <subfield code="x">Competitions.</subfield>
    </datafield>
    <datafield tag="650" ind1=" " ind2="0">
      <subfield code="a">Mathematics</subfield>
      <subfield code="x">Problems, exercises, etc.</subfield>
    </datafield>
    <datafield tag="700" ind1="1" ind2=" ">
      <subfield code="a">Andric, Vojislav</subfield>
    </datafield>
    <datafield tag="852" ind1=" " ind2=" ">
      <subfield code="a">D1</subfield>
      <subfield code="b">D1/20</subfield>
      <subfield code="x">bibKLT00330057</subfield>
    </datafield>
  </record>