
  <record>
    <leader>00493cam  2200169 ir4500</leader>
    <controlfield tag="001">MOKKAZ0005089611  </controlfield>
    <controlfield tag="005">20040910151542.0</controlfield>
    <controlfield tag="008">010424s1923    hu            00100 hun d</controlfield>
    <datafield tag="035" ind1=" " ind2=" ">
      <subfield code="a">119110</subfield>
    </datafield>
    <datafield tag="040" ind1=" " ind2=" ">
      <subfield code="a">ELTE</subfield>
    </datafield>
    <datafield tag="041" ind1="0" ind2=" ">
      <subfield code="a">hunlat</subfield>
    </datafield>
    <datafield tag="245" ind1="0" ind2="0">
      <subfield code="n">&#127;1. köt.&#127;</subfield>
      <subfield code="a">1001-1270</subfield>
    </datafield>
    <datafield tag="260" ind1=" " ind2=" ">
      <subfield code="c">1923-1930</subfield>
    </datafield>
    <datafield tag="300" ind1=" " ind2=" ">
      <subfield code="a">XIII, 576 p.</subfield>
    </datafield>
    <datafield tag="500" ind1=" " ind2=" ">
      <subfield code="a">Tékában.</subfield>
    </datafield>
    <datafield tag="773" ind1="0" ind2=" ">
      <subfield code="d">Budapest : MTA, 1923-1987</subfield>
      <subfield code="t">Regesta regum stirpis Arpadianae critico-diplomatica =</subfield>
      <subfield code="w">119109</subfield>
      <subfield code="z">963 05 5152 7</subfield>
    </datafield>
    <datafield tag="852" ind1=" " ind2=" ">
      <subfield code="a">B2</subfield>
      <subfield code="B">B2</subfield>
      <subfield code="B">B2/119</subfield>
      <subfield code="b">B2/61</subfield>
      <subfield code="x">119110</subfield>
    </datafield>
  </record>