
  <record>
    <leader>00490cam  2200169 ir4500</leader>
    <controlfield tag="001">MOKKAZ0005100790  </controlfield>
    <controlfield tag="005">20040910152125.0</controlfield>
    <controlfield tag="008">020410r20011860hu            000 0 lat d</controlfield>
    <datafield tag="020" ind1=" " ind2=" ">
      <subfield code="a">963 00 8668 9</subfield>
    </datafield>
    <datafield tag="035" ind1=" " ind2=" ">
      <subfield code="a">142355</subfield>
    </datafield>
    <datafield tag="040" ind1=" " ind2=" ">
      <subfield code="a">ELTE</subfield>
    </datafield>
    <datafield tag="041" ind1="0" ind2=" ">
      <subfield code="a">hunlat</subfield>
    </datafield>
    <datafield tag="245" ind1="1" ind2="0">
      <subfield code="n">&#127;1. köt.,&#127;</subfield>
      <subfield code="a">1001-1235</subfield>
    </datafield>
    <datafield tag="260" ind1=" " ind2=" ">
      <subfield code="c">2001</subfield>
    </datafield>
    <datafield tag="300" ind1=" " ind2=" ">
      <subfield code="a">405, [1] p.</subfield>
    </datafield>
    <datafield tag="773" ind1="0" ind2=" ">
      <subfield code="b">Reprint</subfield>
      <subfield code="d">Pápa : Jókai Mór Városi Könyvtár, 2001-2003</subfield>
      <subfield code="t">Árpád-kori új okmánytár</subfield>
      <subfield code="w">142308</subfield>
      <subfield code="z">963 00 8667 0</subfield>
    </datafield>
    <datafield tag="852" ind1=" " ind2=" ">
      <subfield code="a">B2</subfield>
      <subfield code="B">B2</subfield>
      <subfield code="b">B2/78</subfield>
      <subfield code="x">142355</subfield>
    </datafield>
  </record>