
  <record>
    <leader>00418nam  2200133 i 4500</leader>
    <controlfield tag="001">MOKKAW0006102565  </controlfield>
    <controlfield tag="005">20080915040239.0</controlfield>
    <controlfield tag="008">060613s1988    hu            00010 hun d</controlfield>
    <datafield tag="020" ind1=" " ind2=" ">
      <subfield code="a">963-592-767-3 (fűzött) :</subfield>
    </datafield>
    <datafield tag="035" ind1=" " ind2=" ">
      <subfield code="a">bibVFM00009589</subfield>
    </datafield>
    <datafield tag="040" ind1=" " ind2=" ">
      <subfield code="a">VFMK</subfield>
    </datafield>
    <datafield tag="245" ind1="0" ind2="0">
      <subfield code="a">1001/1 játék C 64 128 :</subfield>
      <subfield code="b">Graphics Basic</subfield>
    </datafield>
    <datafield tag="260" ind1=" " ind2=" ">
      <subfield code="a">Budapest :</subfield>
      <subfield code="b">LSI Alkalmazástechnikai Tanácsadó Szolgálat,</subfield>
      <subfield code="c">1988</subfield>
    </datafield>
    <datafield tag="852" ind1=" " ind2=" ">
      <subfield code="a">SZL1</subfield>
      <subfield code="b">SZL1</subfield>
      <subfield code="x">bibVFM00009589</subfield>
    </datafield>
  </record>