
  <record>
    <leader>00944fam  2200253 i 4500</leader>
    <controlfield tag="001">MOKKAZ0006290003  </controlfield>
    <controlfield tag="005">20091015151146.0</controlfield>
    <controlfield tag="008">940510t19881988hu a          000 0 hun d</controlfield>
    <datafield tag="020" ind1=" " ind2=" ">
      <subfield code="a">963-592-767-3 (fűzött) :</subfield>
      <subfield code="c">100,- Ft</subfield>
    </datafield>
    <datafield tag="035" ind1=" " ind2=" ">
      <subfield code="a">711884</subfield>
    </datafield>
    <datafield tag="040" ind1=" " ind2=" ">
      <subfield code="a">OSZK</subfield>
    </datafield>
    <datafield tag="041" ind1="0" ind2=" ">
      <subfield code="a">hunhun</subfield>
    </datafield>
    <datafield tag="245" ind1="1" ind2="0">
      <subfield code="a">1001/1 játék C 64/128 : </subfield>
      <subfield code="b">Graphics BASIC /</subfield>
      <subfield code="c">[... szerk. Székely László] /</subfield>
      <subfield code="c">[közread. az] Alkalmazástechnikai Tanácsadó Szolgálat</subfield>
    </datafield>
    <datafield tag="250" ind1=" " ind2=" ">
      <subfield code="a">[Utánny.]</subfield>
    </datafield>
    <datafield tag="260" ind1=" " ind2=" ">
      <subfield code="a">Budapest :</subfield>
      <subfield code="b">LSI ATSZ,</subfield>
      <subfield code="c">1988</subfield>
      <subfield code="e">(Gyál</subfield>
      <subfield code="f">Szabadság Mgtsz Ny.)</subfield>
    </datafield>
    <datafield tag="300" ind1=" " ind2=" ">
      <subfield code="a">115 p. :</subfield>
      <subfield code="b">ill. ;</subfield>
      <subfield code="c">24 cm</subfield>
    </datafield>
    <datafield tag="650" ind1=" " ind2="4">
      <subfield code="a">számitógépes játékok</subfield>
    </datafield>
    <datafield tag="700" ind1="1" ind2=" ">
      <subfield code="a">Székely László</subfield>
      <subfield code="4">(szerk.)</subfield>
    </datafield>
    <datafield tag="710" ind1="2" ind2=" ">
      <subfield code="a">LSI Alkalmazástechnikai Tanácsadó Szolgálat (Budapest)</subfield>
      <subfield code="4">közread.</subfield>
    </datafield>
    <datafield tag="852" ind1=" " ind2=" ">
      <subfield code="a">B1</subfield>
      <subfield code="b">B1</subfield>
      <subfield code="x">711884</subfield>
    </datafield>
    <datafield tag="852" ind1=" " ind2=" ">
      <subfield code="a">B10</subfield>
      <subfield code="B">1105</subfield>
      <subfield code="B">0801</subfield>
      <subfield code="b">1704</subfield>
      <subfield code="x">bibFSZ00031021</subfield>
    </datafield>
    <datafield tag="852" ind1=" " ind2=" ">
      <subfield code="a">M2</subfield>
      <subfield code="b">M2</subfield>
      <subfield code="x">bibRFK00070007</subfield>
    </datafield>
    <datafield tag="852" ind1=" " ind2=" ">
      <subfield code="a">BCS1</subfield>
      <subfield code="b">BCS1/LEN</subfield>
      <subfield code="x">bibBKO00124585</subfield>
    </datafield>
    <datafield tag="852" ind1=" " ind2=" ">
      <subfield code="a">S1</subfield>
      <subfield code="b">SZFV53</subfield>
      <subfield code="x">MOKKAS0001149896</subfield>
    </datafield>
  </record>