
  <record>
    <leader>00894cam  22002051  4500</leader>
    <controlfield tag="001">MOKKAZ0004185504  </controlfield>
    <controlfield tag="005">20040910050337.0</controlfield>
    <controlfield tag="008">      s1985                        und d</controlfield>
    <datafield tag="020" ind1=" " ind2=" ">
      <subfield code="a">963-592-555-7 (fűzött) :</subfield>
      <subfield code="c">100,- Ft</subfield>
    </datafield>
    <datafield tag="035" ind1=" " ind2=" ">
      <subfield code="a">bibFSZ00031022</subfield>
    </datafield>
    <datafield tag="040" ind1=" " ind2=" ">
      <subfield code="a">FSZEK</subfield>
    </datafield>
    <datafield tag="093" ind1=" " ind2=" ">
      <subfield code="e">861201</subfield>
    </datafield>
    <datafield tag="245" ind1="0" ind2="0">
      <subfield code="a">1001-1 játék és a Graphics BASIC Commodore 64-en /</subfield>
      <subfield code="c">[...szerk. Székely László] ; [közread. az] Alkalmazástechnikai Tanácsadó Szolgálat</subfield>
    </datafield>
    <datafield tag="260" ind1=" " ind2=" ">
      <subfield code="a">Budapest :</subfield>
      <subfield code="b">[Országos Műszaki Információs Központ és Könyvtár],</subfield>
      <subfield code="c">1985</subfield>
    </datafield>
    <datafield tag="300" ind1=" " ind2=" ">
      <subfield code="a">115 p. :</subfield>
      <subfield code="b">ill. ;</subfield>
      <subfield code="c">24 cm</subfield>
    </datafield>
    <datafield tag="680" ind1=" " ind2="0">
      <subfield code="a">program, számítógépes</subfield>
      <subfield code="a">szoftver</subfield>
      <subfield code="x">Commodore 64</subfield>
      <subfield code="a">programozási nyelvek</subfield>
      <subfield code="x">Graphics BASIC</subfield>
    </datafield>
    <datafield tag="700" ind1="1" ind2=" ">
      <subfield code="a">Székely László</subfield>
      <subfield code="4">szerk.</subfield>
    </datafield>
    <datafield tag="710" ind1="2" ind2=" ">
      <subfield code="a">LSI Alkalmazástechnikai Tanácsadó Szolgálat (Budapest)</subfield>
      <subfield code="4">közread.</subfield>
    </datafield>
    <datafield tag="852" ind1=" " ind2=" ">
      <subfield code="a">B10</subfield>
      <subfield code="B">0101</subfield>
      <subfield code="B">1105</subfield>
      <subfield code="b">1704</subfield>
      <subfield code="x">bibFSZ00031022</subfield>
    </datafield>
    <datafield tag="852" ind1=" " ind2=" ">
      <subfield code="a">BCS1</subfield>
      <subfield code="b">BCS1</subfield>
      <subfield code="x">bibBKO00124586</subfield>
    </datafield>
  </record>