
  <record>
    <leader>00779cam  2200229 i 4500</leader>
    <controlfield tag="001">MOKKAN0004161435  </controlfield>
    <controlfield tag="005">20070314083816.0</controlfield>
    <controlfield tag="008">030814c19891988hu a          00010 hun d</controlfield>
    <datafield tag="020" ind1=" " ind2=" ">
      <subfield code="z">963 592 642 1</subfield>
      <subfield code="a">963-592-999-4</subfield>
    </datafield>
    <datafield tag="035" ind1=" " ind2=" ">
      <subfield code="a">191827</subfield>
    </datafield>
    <datafield tag="040" ind1=" " ind2=" ">
      <subfield code="a">MEKLM</subfield>
    </datafield>
    <datafield tag="041" ind1="0" ind2=" ">
      <subfield code="a">hun</subfield>
    </datafield>
    <datafield tag="100" ind1="1" ind2=" ">
      <subfield code="a">Schmidt Endre</subfield>
    </datafield>
    <datafield tag="245" ind1="1" ind2="0">
      <subfield code="a">1001/2 játék C64/128 :</subfield>
      <subfield code="b">Geos, Newsroom, Game maker, Print shop, Music maker /</subfield>
      <subfield code="c">kész. Schmidt Endre, Kiss László.</subfield>
    </datafield>
    <datafield tag="250" ind1=" " ind2=" ">
      <subfield code="a">[Utánny.]</subfield>
    </datafield>
    <datafield tag="260" ind1=" " ind2=" ">
      <subfield code="a">Bp. :</subfield>
      <subfield code="b">LSI ATSZ,</subfield>
      <subfield code="c">1988 [!1989]</subfield>
    </datafield>
    <datafield tag="300" ind1=" " ind2=" ">
      <subfield code="a">134 p. :</subfield>
      <subfield code="b">ill. ;</subfield>
      <subfield code="c">25 cm</subfield>
    </datafield>
    <datafield tag="580" ind1=" " ind2=" ">
      <subfield code="a">Előzm: 1001 játék és a Graphics Basic C-64-en.</subfield>
    </datafield>
    <datafield tag="650" ind1="0" ind2="4">
      <subfield code="a">számítógép-program</subfield>
      <subfield code="x">játékok</subfield>
    </datafield>
    <datafield tag="700" ind1="1" ind2=" ">
      <subfield code="a">Kiss László</subfield>
      <subfield code="c">(informatikus)</subfield>
    </datafield>
    <datafield tag="780" ind1="0" ind2="0">
      <subfield code="a">1001 játék és a Graphics Basic C-64-en</subfield>
    </datafield>
    <datafield tag="852" ind1=" " ind2=" ">
      <subfield code="a">M1</subfield>
      <subfield code="b">M1</subfield>
      <subfield code="x">191827</subfield>
    </datafield>
  </record>