
  <record>
    <leader>00683nam  2200169 i 4500</leader>
    <controlfield tag="001">MOKKAS0003235837  </controlfield>
    <controlfield tag="005">20060601074202.0</controlfield>
    <controlfield tag="008">050101s1987                            d</controlfield>
    <datafield tag="035" ind1=" " ind2=" ">
      <subfield code="a">110782</subfield>
    </datafield>
    <datafield tag="040" ind1=" " ind2=" ">
      <subfield code="a">KKMK</subfield>
    </datafield>
    <datafield tag="100" ind1="1" ind2=" ">
      <subfield code="a">Schmidt Endre</subfield>
    </datafield>
    <datafield tag="245" ind1="1" ind2="0">
      <subfield code="a">1001/2 játék C 64 128 : </subfield>
      <subfield code="b">Geos, Newsroom, Game maker, Print shop, Music maker /</subfield>
      <subfield code="c">Schmidt Endre ; Kiss László ; közread. LSI Alkalmazástechnikai Tanácsadó Szolgálat</subfield>
    </datafield>
    <datafield tag="260" ind1=" " ind2=" ">
      <subfield code="a">Budapest :</subfield>
      <subfield code="b">LSI Alkalmazástechnikai Tanácsadó Szolgálat,</subfield>
      <subfield code="c">1987</subfield>
    </datafield>
    <datafield tag="300" ind1=" " ind2=" ">
      <subfield code="a">134 p. :</subfield>
      <subfield code="b">ill. ;</subfield>
      <subfield code="c">24 cm</subfield>
    </datafield>
    <datafield tag="700" ind1="1" ind2="0">
      <subfield code="a">Kiss László</subfield>
      <subfield code="d">(1926-)</subfield>
    </datafield>
    <datafield tag="710" ind1="2" ind2="0">
      <subfield code="a">LSI Alkalmazástechnikai Tanácsadó Szolgálat (Budapest)</subfield>
      <subfield code="4">közread.</subfield>
    </datafield>
    <datafield tag="852" ind1=" " ind2=" ">
      <subfield code="a">GY1</subfield>
      <subfield code="b">GY1</subfield>
      <subfield code="x">110782</subfield>
    </datafield>
  </record>