
  <record>
    <leader>00370nam  2200121 i 4500</leader>
    <controlfield tag="001">MOKKAS0003315925  </controlfield>
    <controlfield tag="005">20060604010835.0</controlfield>
    <controlfield tag="008">050101s                                d</controlfield>
    <datafield tag="035" ind1=" " ind2=" ">
      <subfield code="a">444773</subfield>
    </datafield>
    <datafield tag="040" ind1=" " ind2=" ">
      <subfield code="a">KKMK</subfield>
    </datafield>
    <datafield tag="100" ind1="1" ind2=" ">
      <subfield code="a">Kiss László</subfield>
      <subfield code="d">(1959-)</subfield>
    </datafield>
    <datafield tag="245" ind1="1" ind2="0">
      <subfield code="a">1001/3 játék C 64/128 : </subfield>
      <subfield code="b">Disk manager art studio shoot 'em up construction kit /</subfield>
      <subfield code="c">Kiss László</subfield>
    </datafield>
    <datafield tag="852" ind1=" " ind2=" ">
      <subfield code="a">GY1</subfield>
      <subfield code="b">GY1</subfield>
      <subfield code="x">444773</subfield>
    </datafield>
  </record>