
  <record>
    <leader>00701nam  2200193 i 4500</leader>
    <controlfield tag="001">MOKKAS0003240940  </controlfield>
    <controlfield tag="005">20060601134806.0</controlfield>
    <controlfield tag="008">050101s1988                            d</controlfield>
    <datafield tag="035" ind1=" " ind2=" ">
      <subfield code="a">135916</subfield>
    </datafield>
    <datafield tag="040" ind1=" " ind2=" ">
      <subfield code="a">KKMK</subfield>
    </datafield>
    <datafield tag="100" ind1="1" ind2=" ">
      <subfield code="a">Kiss László</subfield>
      <subfield code="d">(1926-)</subfield>
    </datafield>
    <datafield tag="245" ind1="1" ind2="0">
      <subfield code="a">1001-3 játék C 64-128 : </subfield>
      <subfield code="b">Disk manager, Art studio, Shoot'em up construction kit /</subfield>
      <subfield code="c">Kiss László ; Szécsi György. Disk manager. Art studio. Shoot'em up construction kit</subfield>
    </datafield>
    <datafield tag="260" ind1=" " ind2=" ">
      <subfield code="a">Budapest :</subfield>
      <subfield code="b">LSI Alkalmazástechnikai Tanácsadó Szolgálat,</subfield>
      <subfield code="c">1988</subfield>
    </datafield>
    <datafield tag="300" ind1=" " ind2=" ">
      <subfield code="a">161 p. :</subfield>
      <subfield code="b">ill. ;</subfield>
      <subfield code="c">24 cm</subfield>
    </datafield>
    <datafield tag="700" ind1="1" ind2="0">
      <subfield code="a">Szécsi György</subfield>
    </datafield>
    <datafield tag="740" ind1="0" ind2=" ">
      <subfield code="a">Disk manager</subfield>
    </datafield>
    <datafield tag="740" ind1="0" ind2=" ">
      <subfield code="a">Art studio</subfield>
    </datafield>
    <datafield tag="740" ind1="0" ind2=" ">
      <subfield code="a">Shoot'em up construction kit</subfield>
    </datafield>
    <datafield tag="852" ind1=" " ind2=" ">
      <subfield code="a">GY1</subfield>
      <subfield code="b">GY1</subfield>
      <subfield code="x">135916</subfield>
    </datafield>
  </record>