
  <record>
    <leader>00757nam  2200181 i 4500</leader>
    <controlfield tag="001">MOKKAS0003236776  </controlfield>
    <controlfield tag="005">20060601084331.0</controlfield>
    <controlfield tag="008">050101s1989                            d</controlfield>
    <datafield tag="035" ind1=" " ind2=" ">
      <subfield code="a">115272</subfield>
    </datafield>
    <datafield tag="040" ind1=" " ind2=" ">
      <subfield code="a">KKMK</subfield>
    </datafield>
    <datafield tag="100" ind1="1" ind2=" ">
      <subfield code="a">Fábián István</subfield>
      <subfield code="d">(1953-)</subfield>
    </datafield>
    <datafield tag="245" ind1="1" ind2="0">
      <subfield code="a">1001/4 játék C 64/128 : </subfield>
      <subfield code="b">Maniac mansion, Head over heels, Impossible mission II., Printfox, Disk demon /</subfield>
      <subfield code="c">Fábián István ; Honti Tamás ; Nagy Olivér ; közread. LSI Alkalmazástechnikai Tanácsadó Szolgálat</subfield>
    </datafield>
    <datafield tag="260" ind1=" " ind2=" ">
      <subfield code="a">Budapest :</subfield>
      <subfield code="b">LSI Alkalmazástechnikai Tanácsadó Szolgálat,</subfield>
      <subfield code="c">1989</subfield>
    </datafield>
    <datafield tag="300" ind1=" " ind2=" ">
      <subfield code="a">149 p. :</subfield>
      <subfield code="b">ill. ;</subfield>
      <subfield code="c">24 cm</subfield>
    </datafield>
    <datafield tag="700" ind1="1" ind2="0">
      <subfield code="a">Honti Tamás</subfield>
    </datafield>
    <datafield tag="700" ind1="1" ind2="0">
      <subfield code="a">Nagy Olivér</subfield>
    </datafield>
    <datafield tag="710" ind1="2" ind2="0">
      <subfield code="a">LSI Alkalmazástechnikai Tanácsadó Szolgálat (Budapest)</subfield>
      <subfield code="4">közread.</subfield>
    </datafield>
    <datafield tag="852" ind1=" " ind2=" ">
      <subfield code="a">GY1</subfield>
      <subfield code="b">GY1</subfield>
      <subfield code="x">115272</subfield>
    </datafield>
  </record>