
  <record>
    <leader>00662nam  2200169 i 4500</leader>
    <controlfield tag="001">MOKKAS0000993018  </controlfield>
    <controlfield tag="005">20051215151017.0</controlfield>
    <controlfield tag="008">050903s1989    hu            00010 hun d</controlfield>
    <datafield tag="020" ind1=" " ind2=" ">
      <subfield code="a">963-593-052-6</subfield>
    </datafield>
    <datafield tag="035" ind1=" " ind2=" ">
      <subfield code="a">bibBKO00074609</subfield>
    </datafield>
    <datafield tag="040" ind1=" " ind2=" ">
      <subfield code="a">BMK</subfield>
    </datafield>
    <datafield tag="100" ind1="1" ind2=" ">
      <subfield code="a">Kiss László</subfield>
    </datafield>
    <datafield tag="245" ind1="1" ind2="0">
      <subfield code="a">1001/5 játék C 64/128 Amiga :</subfield>
      <subfield code="b">Zak McKracken Heroes of Lance, Stealth Fighter, Amica Paint, Macro Assembler /</subfield>
      <subfield code="c">[kész. Fábián István, Kiss László] ; [kiad. az] LSI Alkamazástechnikai Tanácsadó Szolgálat</subfield>
    </datafield>
    <datafield tag="260" ind1=" " ind2=" ">
      <subfield code="a">Budapest,</subfield>
      <subfield code="c">1989</subfield>
    </datafield>
    <datafield tag="300" ind1=" " ind2=" ">
      <subfield code="a">219 p. :</subfield>
      <subfield code="b">ill. ;</subfield>
      <subfield code="c">24 cm</subfield>
    </datafield>
    <datafield tag="504" ind1=" " ind2=" ">
      <subfield code="a">Előzm.: Fábián István: 1001/4 játék C 64/128</subfield>
    </datafield>
    <datafield tag="852" ind1=" " ind2=" ">
      <subfield code="a">BCS1</subfield>
      <subfield code="b">BCS1</subfield>
      <subfield code="x">bibBKO00074609</subfield>
    </datafield>
  </record>