
  <record>
    <leader>00818cam  22002291  4500</leader>
    <controlfield tag="001">MOKKAZ0004353286  </controlfield>
    <controlfield tag="005">20070409013355.0</controlfield>
    <controlfield tag="008">      s1985                        hun d</controlfield>
    <datafield tag="035" ind1=" " ind2=" ">
      <subfield code="a">bibFSZ00199299</subfield>
    </datafield>
    <datafield tag="040" ind1=" " ind2=" ">
      <subfield code="a">FSZEK</subfield>
    </datafield>
    <datafield tag="245" ind1="0" ind2="0">
      <subfield code="a">100 (1886) és 75 (1911) éve történt :</subfield>
      <subfield code="b">adatok a testnevelés és sport tárgyköréből /</subfield>
      <subfield code="c">szerk. Szerbák Elek</subfield>
    </datafield>
    <datafield tag="260" ind1=" " ind2=" ">
      <subfield code="a">Budapest :</subfield>
      <subfield code="b">Sportpropaganda,</subfield>
      <subfield code="c">1985</subfield>
    </datafield>
    <datafield tag="300" ind1=" " ind2=" ">
      <subfield code="a">185 p. ;</subfield>
      <subfield code="c">23 cm</subfield>
    </datafield>
    <datafield tag="490" ind1="1" ind2=" ">
      <subfield code="a">(A Testnevelési és Sportmúzeum közleményei,</subfield>
      <subfield code="x">0231-0899 ;</subfield>
      <subfield code="v">3.)</subfield>
    </datafield>
    <datafield tag="651" ind1=" " ind2="4">
      <subfield code="a">Magyarország</subfield>
    </datafield>
    <datafield tag="695" ind1=" " ind2=" ">
      <subfield code="a">Sport története</subfield>
    </datafield>
    <datafield tag="695" ind1=" " ind2=" ">
      <subfield code="a">Művelődéstörténet</subfield>
    </datafield>
    <datafield tag="695" ind1=" " ind2=" ">
      <subfield code="a">Kronológia</subfield>
    </datafield>
    <datafield tag="700" ind1="1" ind2=" ">
      <subfield code="a">Szerbák Elek</subfield>
      <subfield code="4">szerk.</subfield>
    </datafield>
    <datafield tag="830" ind1=" " ind2="0">
      <subfield code="a">A Testnevelési és Sportmúzeum közleményei</subfield>
    </datafield>
    <datafield tag="852" ind1=" " ind2=" ">
      <subfield code="a">B10</subfield>
      <subfield code="B">0801</subfield>
      <subfield code="b">0801B</subfield>
      <subfield code="x">bibFSZ00199299</subfield>
    </datafield>
    <datafield tag="852" ind1=" " ind2=" ">
      <subfield code="a">P1</subfield>
      <subfield code="b">P1</subfield>
      <subfield code="x">bibJPT00449033    JPTE</subfield>
    </datafield>
  </record>