
  <record>
    <leader>00862aam  2200217 ir4500</leader>
    <controlfield tag="001">MOKKAZ0003386193  </controlfield>
    <controlfield tag="005">20040909184324.0</controlfield>
    <controlfield tag="008">861027c19861985hu            00000 hun d</controlfield>
    <datafield tag="020" ind1=" " ind2=" ">
      <subfield code="a">963 01 7083 3(fűzött)</subfield>
    </datafield>
    <datafield tag="035" ind1=" " ind2=" ">
      <subfield code="a">963 01 7083 3</subfield>
    </datafield>
    <datafield tag="040" ind1=" " ind2=" ">
      <subfield code="a">DEENK</subfield>
    </datafield>
    <datafield tag="245" ind1="1" ind2="0">
      <subfield code="a">100(1886) és 75(1911) éve történt :</subfield>
      <subfield code="b">adatok a testnevelés és sport tárgyköréből /</subfield>
      <subfield code="c">szerk. Szerblák Elek</subfield>
    </datafield>
    <datafield tag="246" ind1="1" ind2="4">
      <subfield code="a">100 és 75 éve történt</subfield>
    </datafield>
    <datafield tag="260" ind1=" " ind2=" ">
      <subfield code="a">Budapest :</subfield>
      <subfield code="b">Testnevelési és Sportmúz.,</subfield>
      <subfield code="c">1985 [!1986]</subfield>
      <subfield code="e">([Budapest] :</subfield>
      <subfield code="f">Sportprop.  Váll.)</subfield>
    </datafield>
    <datafield tag="300" ind1=" " ind2=" ">
      <subfield code="a">185 p. ;</subfield>
      <subfield code="c">24 cm</subfield>
    </datafield>
    <datafield tag="490" ind1="1" ind2=" ">
      <subfield code="a">(A Testnevelési és Sportmúzeum közleményei,</subfield>
      <subfield code="x">0231-0899 ;</subfield>
      <subfield code="v">3.)</subfield>
    </datafield>
    <datafield tag="695" ind1=" " ind2="1">
      <subfield code="a">szórakozás, játék, sport</subfield>
    </datafield>
    <datafield tag="700" ind1="1" ind2=" ">
      <subfield code="a">Szerblák Elek</subfield>
    </datafield>
    <datafield tag="810" ind1="2" ind2=" ">
      <subfield code="a">Testnevelési és Sportmúzeum (Budapest)</subfield>
    </datafield>
    <datafield tag="830" ind1=" " ind2="2">
      <subfield code="a">A Testnevelési és Sportmúzeum közleményei</subfield>
    </datafield>
    <datafield tag="852" ind1=" " ind2=" ">
      <subfield code="a">D1</subfield>
      <subfield code="b">D1</subfield>
      <subfield code="x">963 01 7083 3</subfield>
    </datafield>
  </record>