
  <record>
    <leader>00621nam  2200169 i 4500</leader>
    <controlfield tag="001">MOKKAS0003337063  </controlfield>
    <controlfield tag="005">20060604110151.0</controlfield>
    <controlfield tag="008">050101s1985                            d</controlfield>
    <datafield tag="035" ind1=" " ind2=" ">
      <subfield code="a">516549</subfield>
    </datafield>
    <datafield tag="040" ind1=" " ind2=" ">
      <subfield code="a">KKMK</subfield>
    </datafield>
    <datafield tag="245" ind1="0" ind2="0">
      <subfield code="a">100/1886/ és 75/1911/ éve történt : </subfield>
      <subfield code="b">adatok a testnevelés és sport tárgyköréből /</subfield>
      <subfield code="c">szerk. Szerbák Elek</subfield>
    </datafield>
    <datafield tag="260" ind1=" " ind2=" ">
      <subfield code="a">Budapest :</subfield>
      <subfield code="b">Sportpropaganda Vállalat,</subfield>
      <subfield code="c">1985</subfield>
    </datafield>
    <datafield tag="300" ind1=" " ind2=" ">
      <subfield code="a">185 p. ;</subfield>
      <subfield code="c">24 cm</subfield>
    </datafield>
    <datafield tag="490" ind1="1" ind2=" ">
      <subfield code="a">A Testnevelési és Sportmúzeum közleményei</subfield>
      <subfield code="x">0231-0899</subfield>
      <subfield code="v">3.</subfield>
    </datafield>
    <datafield tag="700" ind1="1" ind2="0">
      <subfield code="a">Szerbák Elek</subfield>
      <subfield code="4">(szerk.)</subfield>
    </datafield>
    <datafield tag="830" ind1=" " ind2="2">
      <subfield code="a">A Testnevelési és Sportmúzeum közleményei</subfield>
    </datafield>
    <datafield tag="852" ind1=" " ind2=" ">
      <subfield code="a">GY1</subfield>
      <subfield code="b">GY1</subfield>
      <subfield code="x">516549</subfield>
    </datafield>
  </record>