
  <record>
    <leader>00295nam  2200121 i 4500</leader>
    <controlfield tag="001">MOKKAS0001394561  </controlfield>
    <controlfield tag="005">20060113102250.0</controlfield>
    <controlfield tag="008">050903s1964    hu            00010 hun d</controlfield>
    <datafield tag="035" ind1=" " ind2=" ">
      <subfield code="a">bibVFK00154039</subfield>
    </datafield>
    <datafield tag="040" ind1=" " ind2=" ">
      <subfield code="a">VFMK</subfield>
    </datafield>
    <datafield tag="245" ind1="0" ind2="0">
      <subfield code="a">100 % /</subfield>
      <subfield code="c">Upton Sinclair</subfield>
    </datafield>
    <datafield tag="260" ind1=" " ind2=" ">
      <subfield code="c">1964</subfield>
    </datafield>
    <datafield tag="852" ind1=" " ind2=" ">
      <subfield code="a">SZL1</subfield>
      <subfield code="b">SZL1</subfield>
      <subfield code="x">bibVFK00154039</subfield>
    </datafield>
  </record>