
  <record>
    <leader>00388nam  2200133 i 4500</leader>
    <controlfield tag="001">MOKKAS0003235787  </controlfield>
    <controlfield tag="005">20060601074138.0</controlfield>
    <controlfield tag="008">050101s1987                            d</controlfield>
    <datafield tag="035" ind1=" " ind2=" ">
      <subfield code="a">110545</subfield>
    </datafield>
    <datafield tag="040" ind1=" " ind2=" ">
      <subfield code="a">KKMK</subfield>
    </datafield>
    <datafield tag="245" ind1="0" ind2="0">
      <subfield code="a">100 % : </subfield>
      <subfield code="b">Irodalmi és művészeti kultúrszemle, 1927-1928</subfield>
    </datafield>
    <datafield tag="260" ind1=" " ind2=" ">
      <subfield code="a">Budapest :</subfield>
      <subfield code="b">Kossuth Könyvkiadó,</subfield>
      <subfield code="c">1987</subfield>
    </datafield>
    <datafield tag="300" ind1=" " ind2=" ">
      <subfield code="a">368 p. :</subfield>
      <subfield code="b">ill. ;</subfield>
      <subfield code="c">24 cm</subfield>
    </datafield>
    <datafield tag="852" ind1=" " ind2=" ">
      <subfield code="a">GY1</subfield>
      <subfield code="b">GY1</subfield>
      <subfield code="x">110545</subfield>
    </datafield>
  </record>