
  <record>
    <leader>00722nam  2200217 i 4500</leader>
    <controlfield tag="001">MOKKAS0001433533  </controlfield>
    <controlfield tag="005">20060113142505.0</controlfield>
    <controlfield tag="008">050903s2003    hu            00010 hun d</controlfield>
    <datafield tag="020" ind1=" " ind2=" ">
      <subfield code="a">963-547-978-6 [!ISBN 963-547-985-9] (kötött) :</subfield>
      <subfield code="c">2380,-Ft</subfield>
    </datafield>
    <datafield tag="035" ind1=" " ind2=" ">
      <subfield code="a">bibVFK00253238</subfield>
    </datafield>
    <datafield tag="040" ind1=" " ind2=" ">
      <subfield code="a">VFMK</subfield>
    </datafield>
    <datafield tag="100" ind1="1" ind2=" ">
      <subfield code="a">Altman, Jack</subfield>
    </datafield>
    <datafield tag="240" ind1="1" ind2="0">
      <subfield code="a">1001 dreams (magyar)</subfield>
    </datafield>
    <datafield tag="245" ind1="1" ind2="0">
      <subfield code="a">1001 álom :</subfield>
      <subfield code="b">Illusztrált útikalauz az álmok világába /</subfield>
      <subfield code="c">Jack Altman ; [ford. Sziklai István]</subfield>
    </datafield>
    <datafield tag="260" ind1=" " ind2=" ">
      <subfield code="a">Budapest :</subfield>
      <subfield code="b">Magyar Könyvklub,</subfield>
      <subfield code="c">2003</subfield>
    </datafield>
    <datafield tag="300" ind1=" " ind2=" ">
      <subfield code="a">384 p. :</subfield>
      <subfield code="b">ill., részben színes ;</subfield>
      <subfield code="c">14 cm</subfield>
    </datafield>
    <datafield tag="650" ind1=" " ind2="4">
      <subfield code="a">Álom</subfield>
    </datafield>
    <datafield tag="650" ind1=" " ind2="4">
      <subfield code="a">Álomfejtés</subfield>
    </datafield>
    <datafield tag="650" ind1=" " ind2="4">
      <subfield code="a">Álomkutatás</subfield>
    </datafield>
    <datafield tag="700" ind1="1" ind2=" ">
      <subfield code="a">Sziklai István</subfield>
      <subfield code="4">ford.</subfield>
    </datafield>
    <datafield tag="852" ind1=" " ind2=" ">
      <subfield code="a">SZL1</subfield>
      <subfield code="b">SZL1</subfield>
      <subfield code="x">bibVFK00253238</subfield>
    </datafield>
  </record>