
  <record>
    <leader>00353nim  2200133 i 4500</leader>
    <controlfield tag="001">MOKKAS0001017597  </controlfield>
    <controlfield tag="005">20051215155818.0</controlfield>
    <controlfield tag="008">050903b        hu            00010 hun d</controlfield>
    <datafield tag="035" ind1=" " ind2=" ">
      <subfield code="a">bibBKO00091396</subfield>
    </datafield>
    <datafield tag="040" ind1=" " ind2=" ">
      <subfield code="a">BMK</subfield>
    </datafield>
    <datafield tag="245" ind1="0" ind2="0">
      <subfield code="a">100%</subfield>
      <subfield code="h">[Hangfelvétel] :</subfield>
      <subfield code="b">Jackie Orszáczky</subfield>
    </datafield>
    <datafield tag="300" ind1=" " ind2=" ">
      <subfield code="a">1 db hangkazetta</subfield>
    </datafield>
    <datafield tag="306" ind1=" " ind2=" ">
      <subfield code="a">cca.50 min.</subfield>
    </datafield>
    <datafield tag="852" ind1=" " ind2=" ">
      <subfield code="a">BCS1</subfield>
      <subfield code="b">BCS1</subfield>
      <subfield code="x">bibBKO00091396</subfield>
    </datafield>
  </record>