
  <record>
    <leader>00751nam  2200217 i 4500</leader>
    <controlfield tag="001">MOKKAW0005106846  </controlfield>
    <controlfield tag="005">20080311233020.0</controlfield>
    <controlfield tag="008">080111 1992    rm                  rum  </controlfield>
    <datafield tag="020" ind1=" " ind2=" ">
      <subfield code="a">973 9044 24 7</subfield>
    </datafield>
    <datafield tag="035" ind1=" " ind2=" ">
      <subfield code="a">bibSOK00427311</subfield>
    </datafield>
    <datafield tag="040" ind1=" " ind2=" ">
      <subfield code="a">SK</subfield>
    </datafield>
    <datafield tag="100" ind1="1" ind2=" ">
      <subfield code="a">Dumas, Alexandre</subfield>
      <subfield code="d">(1802-1870)</subfield>
      <subfield code="c">(pere)</subfield>
    </datafield>
    <datafield tag="240" ind1="1" ind2="4">
      <subfield code="a">Les mille et un fantomes</subfield>
      <subfield code="l">(román)</subfield>
    </datafield>
    <datafield tag="245" ind1="1" ind2="0">
      <subfield code="a">1001 de fantome ; Testamentul domnului De Chauvelin /</subfield>
      <subfield code="c">Alexandre Dumas</subfield>
    </datafield>
    <datafield tag="246" ind1="1" ind2="5">
      <subfield code="a">O mie si una de fantome</subfield>
    </datafield>
    <datafield tag="260" ind1=" " ind2=" ">
      <subfield code="a">Bucuresti :</subfield>
      <subfield code="b">Marc,</subfield>
      <subfield code="c">1992</subfield>
    </datafield>
    <datafield tag="300" ind1=" " ind2=" ">
      <subfield code="a">257 p. ;</subfield>
      <subfield code="c">20 cm</subfield>
    </datafield>
    <datafield tag="600" ind1="0" ind2="7">
      <subfield code="a">Napoleon</subfield>
      <subfield code="c">(Franciaország: császár),</subfield>
      <subfield code="b">I.</subfield>
    </datafield>
    <datafield tag="650" ind1=" " ind2="7">
      <subfield code="a">Franciaország története</subfield>
      <subfield code="y">18-19. sz.</subfield>
      <subfield code="x">irodalmi feldolgozás</subfield>
      <subfield code="2">szte</subfield>
    </datafield>
    <datafield tag="695" ind1=" " ind2=" ">
      <subfield code="a">Nemzetiségi Könyvtár</subfield>
    </datafield>
    <datafield tag="852" ind1=" " ind2=" ">
      <subfield code="a">SZ4</subfield>
      <subfield code="b">SZ4/K2</subfield>
      <subfield code="x">bibSOK00427311</subfield>
    </datafield>
  </record>