
  <record>
    <leader>00677nam  22002055p 4500</leader>
    <controlfield tag="001">MOKKAW0006008618  </controlfield>
    <controlfield tag="005">20080725184149.0</controlfield>
    <controlfield tag="008">071203s2007    hu                  hun d</controlfield>
    <datafield tag="020" ind1=" " ind2=" ">
      <subfield code="a">978 963 370 200 0</subfield>
    </datafield>
    <datafield tag="035" ind1=" " ind2=" ">
      <subfield code="a">716491</subfield>
    </datafield>
    <datafield tag="040" ind1=" " ind2=" ">
      <subfield code="a">KSHK</subfield>
    </datafield>
    <datafield tag="041" ind1="0" ind2=" ">
      <subfield code="a">hun</subfield>
    </datafield>
    <datafield tag="130" ind1="0" ind2="0">
      <subfield code="a">1001 nights of passion and pleasure</subfield>
      <subfield code="l">magyar</subfield>
    </datafield>
    <datafield tag="245" ind1="0" ind2="0">
      <subfield code="a">1001 éjszaka a szerelem és a szenvedély birodalmában : </subfield>
      <subfield code="b">... hogy az éjszakáink sohase legyenek egyformák /</subfield>
      <subfield code="c">[szerk. Charlotte Wilson]</subfield>
    </datafield>
    <datafield tag="260" ind1=" " ind2=" ">
      <subfield code="a">Pécs :</subfield>
      <subfield code="b">Alexandra,</subfield>
      <subfield code="c">2007</subfield>
    </datafield>
    <datafield tag="300" ind1=" " ind2=" ">
      <subfield code="a">160 p. :</subfield>
      <subfield code="b">ill., színes ;</subfield>
      <subfield code="c">23 cm</subfield>
    </datafield>
    <datafield tag="653" ind1=" " ind2=" ">
      <subfield code="a">magánélet</subfield>
    </datafield>
    <datafield tag="653" ind1=" " ind2=" ">
      <subfield code="a">szexológia</subfield>
    </datafield>
    <datafield tag="700" ind1="1" ind2="0">
      <subfield code="a">Wilson, Charlotte</subfield>
      <subfield code="4">(szerk.)</subfield>
    </datafield>
    <datafield tag="852" ind1=" " ind2=" ">
      <subfield code="a">B9</subfield>
      <subfield code="b">B9</subfield>
      <subfield code="x">716491</subfield>
    </datafield>
  </record>