
  <record>
    <leader>00818nam  2200217 i 4500</leader>
    <controlfield tag="001">MOKKAN0004674571  </controlfield>
    <controlfield tag="005">20070612135757.0</controlfield>
    <controlfield tag="008">070612 2001    hu            00010 hun  </controlfield>
    <datafield tag="035" ind1=" " ind2=" ">
      <subfield code="a">bibJAT00709982</subfield>
    </datafield>
    <datafield tag="040" ind1=" " ind2=" ">
      <subfield code="a">SZTE</subfield>
    </datafield>
    <datafield tag="245" ind1="0" ind2="0">
      <subfield code="a">1001 éjszaka mese-konferencia :</subfield>
      <subfield code="b">Miskolci Egyetem, 1998 /</subfield>
      <subfield code="c">[szerk. Martin Iringó, Simonyi Zoltán]</subfield>
    </datafield>
    <datafield tag="260" ind1=" " ind2=" ">
      <subfield code="a">Miskolc :</subfield>
      <subfield code="b">Miskolci Egyetem,</subfield>
      <subfield code="c">2001</subfield>
    </datafield>
    <datafield tag="300" ind1=" " ind2=" ">
      <subfield code="a">100 p. ;</subfield>
      <subfield code="c">25 cm</subfield>
    </datafield>
    <datafield tag="504" ind1=" " ind2=" ">
      <subfield code="a">Bibliográfiákkal</subfield>
    </datafield>
    <datafield tag="650" ind1=" " ind2="7">
      <subfield code="a">Meseelemzés</subfield>
      <subfield code="x">tanulmányok</subfield>
      <subfield code="2">szte</subfield>
    </datafield>
    <datafield tag="650" ind1=" " ind2="7">
      <subfield code="a">Folklór</subfield>
      <subfield code="x">meseelemzés</subfield>
      <subfield code="x">tanulmányok</subfield>
      <subfield code="2">szte</subfield>
    </datafield>
    <datafield tag="700" ind1="1" ind2=" ">
      <subfield code="a">Martin Iringó</subfield>
    </datafield>
    <datafield tag="700" ind1="1" ind2=" ">
      <subfield code="a">Simonyi Zoltán</subfield>
    </datafield>
    <datafield tag="711" ind1="2" ind2=" ">
      <subfield code="a">1001 éjszaka mese-konferencia</subfield>
      <subfield code="c">(Miskolc)</subfield>
      <subfield code="d">(1998)</subfield>
    </datafield>
    <datafield tag="773" ind1="0" ind2=" ">
      <subfield code="t">Publicationes Universitatis Miskolciensis : sectio philosophica</subfield>
      <subfield code="g">Tom. VII. Fasc. 2.</subfield>
      <subfield code="w">bibJGYx24212</subfield>
    </datafield>
    <datafield tag="852" ind1=" " ind2=" ">
      <subfield code="a">SZ1</subfield>
      <subfield code="b">SZ1</subfield>
      <subfield code="x">bibJAT00709982</subfield>
    </datafield>
  </record>