
  <record>
    <leader>00900cam  22002171i 4500</leader>
    <controlfield tag="001">MOKKAS0001874865  </controlfield>
    <controlfield tag="005">20060530221141.0</controlfield>
    <controlfield tag="008">020416s1986    hu a          00  0 hun d</controlfield>
    <datafield tag="035" ind1=" " ind2=" ">
      <subfield code="a">54097</subfield>
    </datafield>
    <datafield tag="040" ind1=" " ind2=" ">
      <subfield code="a">ELTE</subfield>
    </datafield>
    <datafield tag="041" ind1="0" ind2=" ">
      <subfield code="a">hun</subfield>
      <subfield code="b">eng</subfield>
    </datafield>
    <datafield tag="245" ind1="0" ind2="0">
      <subfield code="a">100+1 éves a magyar plakát :</subfield>
      <subfield code="b">A magyar plakátművészet története 1885-1986 : Műcsarnok Budapest, 1986 május 23 - szeptember 14</subfield>
      <subfield code="c">/ [A kiállítást rendezte Bakos Katalin és Kemény György ; Az angol resümé-k fordítója: Veressné Deák Éva és Rozsnyai Krisztina]</subfield>
    </datafield>
    <datafield tag="246" ind1="0" ind2="3">
      <subfield code="a">Száz plusz egy éves a magyar plakát</subfield>
    </datafield>
    <datafield tag="260" ind1=" " ind2=" ">
      <subfield code="a">[Bp. :</subfield>
      <subfield code="b">Műcsarnok,</subfield>
      <subfield code="c">1986]</subfield>
    </datafield>
    <datafield tag="300" ind1=" " ind2=" ">
      <subfield code="a">208 p. :</subfield>
      <subfield code="b">ill. ;</subfield>
      <subfield code="c">29 cm</subfield>
    </datafield>
    <datafield tag="650" ind1="0" ind2="4">
      <subfield code="a">plakátművészet</subfield>
      <subfield code="y">1885-1986</subfield>
      <subfield code="z">magyar</subfield>
      <subfield code="x">kiállítási katalógus</subfield>
    </datafield>
    <datafield tag="700" ind1="1" ind2=" ">
      <subfield code="a">Bakos Katalin</subfield>
      <subfield code="d">(1952-)</subfield>
    </datafield>
    <datafield tag="700" ind1="1" ind2=" ">
      <subfield code="a">Kemény György</subfield>
    </datafield>
    <datafield tag="700" ind1="1" ind2=" ">
      <subfield code="a">Veressné Deák Éva</subfield>
      <subfield code="d">(1922-)</subfield>
    </datafield>
    <datafield tag="700" ind1="1" ind2=" ">
      <subfield code="a">Rozsnyai Krisztina</subfield>
    </datafield>
    <datafield tag="852" ind1=" " ind2=" ">
      <subfield code="a">B2</subfield>
      <subfield code="b">B2</subfield>
      <subfield code="x">54097</subfield>
    </datafield>
  </record>