
  <record>
    <leader>01359nam  2200409 i 4500</leader>
    <controlfield tag="001">MOKKAS0003383167  </controlfield>
    <controlfield tag="005">20091109000505.0</controlfield>
    <controlfield tag="008">050101s2004                            d</controlfield>
    <datafield tag="020" ind1=" " ind2=" ">
      <subfield code="a">963-9526-58-4 :</subfield>
      <subfield code="c">9999,-Ft</subfield>
    </datafield>
    <datafield tag="035" ind1=" " ind2=" ">
      <subfield code="a">677434</subfield>
    </datafield>
    <datafield tag="040" ind1=" " ind2=" ">
      <subfield code="a">KKMK</subfield>
    </datafield>
    <datafield tag="080" ind1=" " ind2=" ">
      <subfield code="a">791.43(100)(048.8</subfield>
    </datafield>
    <datafield tag="245" ind1="0" ind2="0">
      <subfield code="a">1001 film amit látnod kell, mielőtt meghalsz /</subfield>
      <subfield code="c">főszerk. Steven Jay Schneider ; [közrem.,szerzőtárs] Geoff Andrew ; [m. kiad. összeáll.] Bori Erzsébet</subfield>
    </datafield>
    <datafield tag="260" ind1=" " ind2=" ">
      <subfield code="a">Budapest :</subfield>
      <subfield code="b">Gabo Könyvkiadó és Kereskedő Kft.,</subfield>
      <subfield code="c">cop. 2004</subfield>
    </datafield>
    <datafield tag="300" ind1=" " ind2=" ">
      <subfield code="a">960 p. :</subfield>
      <subfield code="b">ill. ;</subfield>
      <subfield code="c">22 cm</subfield>
    </datafield>
    <datafield tag="650" ind1=" " ind2="4">
      <subfield code="a">filmográfia</subfield>
    </datafield>
    <datafield tag="650" ind1=" " ind2="4">
      <subfield code="a">filmtörténelem</subfield>
    </datafield>
    <datafield tag="650" ind1=" " ind2="4">
      <subfield code="a">filmművészet</subfield>
    </datafield>
    <datafield tag="650" ind1=" " ind2="4">
      <subfield code="a">tartalmi tömörítvény</subfield>
    </datafield>
    <datafield tag="650" ind1=" " ind2="4">
      <subfield code="a">kronológia</subfield>
    </datafield>
    <datafield tag="650" ind1=" " ind2="4">
      <subfield code="a">filmművészet - lexikonok</subfield>
    </datafield>
    <datafield tag="650" ind1=" " ind2="4">
      <subfield code="a">adattár</subfield>
    </datafield>
    <datafield tag="650" ind1=" " ind2="4">
      <subfield code="a">filmkritika</subfield>
    </datafield>
    <datafield tag="650" ind1=" " ind2="4">
      <subfield code="a">filmtörténet</subfield>
    </datafield>
    <datafield tag="650" ind1=" " ind2="4">
      <subfield code="a">mozgókép</subfield>
    </datafield>
    <datafield tag="650" ind1=" " ind2="4">
      <subfield code="a">tartalmi kivonat</subfield>
    </datafield>
    <datafield tag="650" ind1=" " ind2="4">
      <subfield code="a">Film</subfield>
      <subfield code="x">Történet</subfield>
    </datafield>
    <datafield tag="653" ind1=" " ind2=" ">
      <subfield code="a">filmtörténet</subfield>
    </datafield>
    <datafield tag="700" ind1="2" ind2="0">
      <subfield code="a">Schneider Steven Jay</subfield>
      <subfield code="4">(főszerk.)</subfield>
    </datafield>
    <datafield tag="700" ind1="1" ind2="0">
      <subfield code="a">Andrew Geoff</subfield>
      <subfield code="4">([közrem.,szerzőtárs])</subfield>
    </datafield>
    <datafield tag="700" ind1="1" ind2="0">
      <subfield code="a">Bori Erzsébet</subfield>
      <subfield code="4">([m. kiad. összeáll.])</subfield>
    </datafield>
    <datafield tag="852" ind1=" " ind2=" ">
      <subfield code="a">GY1</subfield>
      <subfield code="b">GY1</subfield>
      <subfield code="x">677434</subfield>
    </datafield>
    <datafield tag="852" ind1=" " ind2=" ">
      <subfield code="a">BCS1</subfield>
      <subfield code="b">BCS1</subfield>
      <subfield code="x">bibBKO00266155</subfield>
    </datafield>
    <datafield tag="852" ind1=" " ind2=" ">
      <subfield code="a">SZO1</subfield>
      <subfield code="b">SZO1</subfield>
      <subfield code="x">150436010</subfield>
    </datafield>
    <datafield tag="852" ind1=" " ind2=" ">
      <subfield code="a">H1</subfield>
      <subfield code="b">H1</subfield>
      <subfield code="x">NLVK400102</subfield>
    </datafield>
    <datafield tag="852" ind1=" " ind2=" ">
      <subfield code="a">B11</subfield>
      <subfield code="b">B11</subfield>
      <subfield code="x">BMEOMIKK000462337</subfield>
    </datafield>
    <datafield tag="852" ind1=" " ind2=" ">
      <subfield code="a">GY1</subfield>
      <subfield code="b">GY1</subfield>
      <subfield code="x">KKMK677434</subfield>
    </datafield>
  </record>