
  <record>
    <leader>01170nam  2200325   4500</leader>
    <controlfield tag="001">MOKKAW0005116240  </controlfield>
    <controlfield tag="005">20100107085637.0</controlfield>
    <controlfield tag="008">080122s2004    hu                  hun d</controlfield>
    <datafield tag="020" ind1=" " ind2=" ">
      <subfield code="a">978-963-689-067-4 (kötött)</subfield>
    </datafield>
    <datafield tag="020" ind1=" " ind2=" ">
      <subfield code="a">978 963 689 067 4 (kötött) :</subfield>
    </datafield>
    <datafield tag="035" ind1=" " ind2=" ">
      <subfield code="a">bibSOK00427942</subfield>
    </datafield>
    <datafield tag="040" ind1=" " ind2=" ">
      <subfield code="a">SK</subfield>
    </datafield>
    <datafield tag="041" ind1=" " ind2=" ">
      <subfield code="a">hun</subfield>
    </datafield>
    <datafield tag="080" ind1=" " ind2=" ">
      <subfield code="a">791..43(100)</subfield>
    </datafield>
    <datafield tag="130" ind1="0" ind2=" ">
      <subfield code="a">1001 movies you must see before you die</subfield>
    </datafield>
    <datafield tag="245" ind1="1" ind2="0">
      <subfield code="a">1001 film :</subfield>
      <subfield code="b">amit látnod kell, mielőtt meghalsz /</subfield>
      <subfield code="c">Steven Jay Schneider főszerk. ; [... szerzői Geoff Andrew et al.] ; [ford. Császi Ádám et al.]</subfield>
    </datafield>
    <datafield tag="260" ind1=" " ind2=" ">
      <subfield code="a">[Budapest] :</subfield>
      <subfield code="b">Gabo,</subfield>
      <subfield code="c">cop. 2007</subfield>
    </datafield>
    <datafield tag="300" ind1=" " ind2=" ">
      <subfield code="a">960 p. :</subfield>
      <subfield code="b">ill. ;</subfield>
      <subfield code="c">22 cm</subfield>
    </datafield>
    <datafield tag="650" ind1=" " ind2="7">
      <subfield code="a">Filmművészet története</subfield>
      <subfield code="x">képekkel</subfield>
      <subfield code="2">szte</subfield>
    </datafield>
    <datafield tag="650" ind1=" " ind2="7">
      <subfield code="a">Filmművészet</subfield>
      <subfield code="x">nemzetközi</subfield>
      <subfield code="y">1902-2003</subfield>
      <subfield code="x">képekkel</subfield>
      <subfield code="2">szte</subfield>
    </datafield>
    <datafield tag="650" ind1=" " ind2="4">
      <subfield code="a">Filmek</subfield>
      <subfield code="x">enciklopédiák</subfield>
    </datafield>
    <datafield tag="650" ind1=" " ind2="0">
      <subfield code="a">Motion pictures</subfield>
      <subfield code="x">Encyclopedias.</subfield>
    </datafield>
    <datafield tag="695" ind1=" " ind2=" ">
      <subfield code="a">Filmművészet</subfield>
    </datafield>
    <datafield tag="695" ind1=" " ind2=" ">
      <subfield code="a">Játékfilm</subfield>
    </datafield>
    <datafield tag="700" ind1="1" ind2=" ">
      <subfield code="a">Schneider, Steven Jay</subfield>
      <subfield code="4">szerk.</subfield>
    </datafield>
    <datafield tag="700" ind1="1" ind2=" ">
      <subfield code="a">Andrew, Geoff</subfield>
      <subfield code="4">közrem.</subfield>
    </datafield>
    <datafield tag="700" ind1="1" ind2=" ">
      <subfield code="a">Császi Ádám</subfield>
      <subfield code="4">ford.</subfield>
    </datafield>
    <datafield tag="852" ind1=" " ind2=" ">
      <subfield code="a">SZ4</subfield>
      <subfield code="b">SZ4/K1</subfield>
      <subfield code="x">bibSOK00427942</subfield>
    </datafield>
    <datafield tag="852" ind1=" " ind2=" ">
      <subfield code="a">D1</subfield>
      <subfield code="b">D1</subfield>
      <subfield code="x">bibDEK00684489</subfield>
    </datafield>
    <datafield tag="852" ind1=" " ind2=" ">
      <subfield code="a">P1</subfield>
      <subfield code="b">P1/SZ</subfield>
      <subfield code="x">bibPTE00540316</subfield>
    </datafield>
  </record>