
  <record>
    <leader>00774fam  2200229 i 4500</leader>
    <controlfield tag="001">MOKKAZ0006471152  </controlfield>
    <controlfield tag="005">20040915204302.0</controlfield>
    <controlfield tag="008">031127t20032003hu ar         001 0 hun d</controlfield>
    <datafield tag="020" ind1=" " ind2=" ">
      <subfield code="a">963-8475-89-7 (kötött)</subfield>
    </datafield>
    <datafield tag="035" ind1=" " ind2=" ">
      <subfield code="a">1054836</subfield>
    </datafield>
    <datafield tag="040" ind1=" " ind2=" ">
      <subfield code="a">OSZK</subfield>
    </datafield>
    <datafield tag="041" ind1="1" ind2=" ">
      <subfield code="a">hunhun</subfield>
      <subfield code="h">eng</subfield>
    </datafield>
    <datafield tag="130" ind1="0" ind2="0">
      <subfield code="a">1,001 DIY hints and tips</subfield>
      <subfield code="l">magyar</subfield>
    </datafield>
    <datafield tag="245" ind1="0" ind2="0">
      <subfield code="a">1001 fortély a ház körül /</subfield>
      <subfield code="c">[ford. Gordos Judit et al.]</subfield>
    </datafield>
    <datafield tag="260" ind1=" " ind2=" ">
      <subfield code="a">Budapest :</subfield>
      <subfield code="b">Reader's Digest K.,</subfield>
      <subfield code="c">cop. 2003</subfield>
      <subfield code="e">(Spain</subfield>
      <subfield code="f">Mateu Cromo)</subfield>
    </datafield>
    <datafield tag="300" ind1=" " ind2=" ">
      <subfield code="a">296 p. :</subfield>
      <subfield code="b">ill., színes ;</subfield>
      <subfield code="c">27 cm</subfield>
    </datafield>
    <datafield tag="650" ind1=" " ind2="4">
      <subfield code="a">Háztartások</subfield>
      <subfield code="x">karbantartás és javítás</subfield>
    </datafield>
    <datafield tag="650" ind1=" " ind2="0">
      <subfield code="a">Households</subfield>
      <subfield code="x">Maintenance and repair.</subfield>
    </datafield>
    <datafield tag="700" ind1="1" ind2=" ">
      <subfield code="a">Gordos Judit</subfield>
      <subfield code="4">(ford.)</subfield>
    </datafield>
    <datafield tag="852" ind1=" " ind2=" ">
      <subfield code="a">B1</subfield>
      <subfield code="b">B1</subfield>
      <subfield code="x">1054836</subfield>
    </datafield>
    <datafield tag="852" ind1=" " ind2=" ">
      <subfield code="a">D1</subfield>
      <subfield code="b">D1</subfield>
      <subfield code="x">bibJPT00223717</subfield>
    </datafield>
    <datafield tag="852" ind1=" " ind2=" ">
      <subfield code="a">P1</subfield>
      <subfield code="B">P1</subfield>
      <subfield code="b">P1/MK</subfield>
      <subfield code="x">bibJPT00223717</subfield>
    </datafield>
  </record>