
  <record>
    <leader>00687cam  2200217 a 4500</leader>
    <controlfield tag="001">MOKKAZ0005365415  </controlfield>
    <controlfield tag="005">20040910174140.0</controlfield>
    <controlfield tag="008">970219         HU            000 0 hun d</controlfield>
    <datafield tag="020" ind1=" " ind2=" ">
      <subfield code="a">963-7881-43-3</subfield>
    </datafield>
    <datafield tag="035" ind1=" " ind2=" ">
      <subfield code="a">9412</subfield>
    </datafield>
    <datafield tag="040" ind1=" " ind2=" ">
      <subfield code="a">SEKK</subfield>
    </datafield>
    <datafield tag="041" ind1="0" ind2=" ">
      <subfield code="a">hun</subfield>
    </datafield>
    <datafield tag="100" ind1="1" ind2="0">
      <subfield code="a">Hartmann, Eberhard L.</subfield>
    </datafield>
    <datafield tag="245" ind1="1" ind2="0">
      <subfield code="a">1001 házi orvosság, hogy természetes úton nyerje vissza egészségét</subfield>
      <subfield code="b">/</subfield>
      <subfield code="c">Eberhard L. Hartmann</subfield>
    </datafield>
    <datafield tag="260" ind1="0" ind2="0">
      <subfield code="a">[Bp.?] :</subfield>
      <subfield code="b">R. A. Kft.,</subfield>
      <subfield code="c">[1996.]</subfield>
    </datafield>
    <datafield tag="300" ind1=" " ind2=" ">
      <subfield code="a">183 p. ;</subfield>
      <subfield code="c">21 cm.</subfield>
    </datafield>
    <datafield tag="490" ind1="1" ind2="0">
      <subfield code="a">(Betegségmegelőzés és öngyógyítás)</subfield>
    </datafield>
    <datafield tag="650" ind1="1" ind2="4">
      <subfield code="a">Természetgyógyászat</subfield>
    </datafield>
    <datafield tag="650" ind1="1" ind2="4">
      <subfield code="a">Alternative medicine</subfield>
    </datafield>
    <datafield tag="830" ind1=" " ind2="0">
      <subfield code="a">Betegségmegelőzés és öngyógyítás</subfield>
    </datafield>
    <datafield tag="852" ind1=" " ind2=" ">
      <subfield code="a">B13</subfield>
      <subfield code="b">B13</subfield>
      <subfield code="x">9412</subfield>
    </datafield>
  </record>