
  <record>
    <leader>01031fam  2200289 i 4500</leader>
    <controlfield tag="001">MOKKAZ0006250444  </controlfield>
    <controlfield tag="005">20090505174956.0</controlfield>
    <controlfield tag="008">940510t19891989hu a          000 1 hun d</controlfield>
    <datafield tag="020" ind1=" " ind2=" ">
      <subfield code="a">963-09-3352-7 (fűzött) :</subfield>
      <subfield code="c">60,- Ft</subfield>
    </datafield>
    <datafield tag="035" ind1=" " ind2=" ">
      <subfield code="a">602508</subfield>
    </datafield>
    <datafield tag="040" ind1=" " ind2=" ">
      <subfield code="a">OSZK</subfield>
    </datafield>
    <datafield tag="041" ind1="0" ind2=" ">
      <subfield code="a">hunhun</subfield>
    </datafield>
    <datafield tag="100" ind1="1" ind2=" ">
      <subfield code="a">Sinkó Péter</subfield>
      <subfield code="d">(1949-)</subfield>
    </datafield>
    <datafield tag="245" ind1="1" ind2="0">
      <subfield code="a">1001 hülye tanács fogyókúrázóknak /</subfield>
      <subfield code="c">Sinkó Péter</subfield>
    </datafield>
    <datafield tag="260" ind1=" " ind2=" ">
      <subfield code="a">[Budapest] :</subfield>
      <subfield code="b">Béta,</subfield>
      <subfield code="c">1989</subfield>
      <subfield code="e">([Budapest]</subfield>
      <subfield code="f">NYIFÜ)</subfield>
      <subfield code="e">(Debrecen</subfield>
      <subfield code="f">Alföldi Ny.)</subfield>
    </datafield>
    <datafield tag="300" ind1=" " ind2=" ">
      <subfield code="a">202 p. :</subfield>
      <subfield code="b">ill. ;</subfield>
      <subfield code="c">18 cm</subfield>
    </datafield>
    <datafield tag="500" ind1=" " ind2=" ">
      <subfield code="a">Szatírák</subfield>
    </datafield>
    <datafield tag="695" ind1=" " ind2=" ">
      <subfield code="a">xxx</subfield>
    </datafield>
    <datafield tag="852" ind1=" " ind2=" ">
      <subfield code="a">B1</subfield>
      <subfield code="b">B1</subfield>
      <subfield code="x">602508</subfield>
    </datafield>
    <datafield tag="852" ind1=" " ind2=" ">
      <subfield code="a">B10</subfield>
      <subfield code="b">0801</subfield>
      <subfield code="b">1801</subfield>
      <subfield code="b">1803</subfield>
      <subfield code="b">1903</subfield>
      <subfield code="b">2103</subfield>
      <subfield code="b">2104</subfield>
      <subfield code="b">2105</subfield>
      <subfield code="b">0902</subfield>
      <subfield code="b">1308</subfield>
      <subfield code="b">0401</subfield>
      <subfield code="b">0101</subfield>
      <subfield code="b">1105</subfield>
      <subfield code="b">0204</subfield>
      <subfield code="b">0307C</subfield>
      <subfield code="b">0202</subfield>
      <subfield code="b">1004</subfield>
      <subfield code="b">1503</subfield>
      <subfield code="x">bibFSZ00035180</subfield>
    </datafield>
    <datafield tag="852" ind1=" " ind2=" ">
      <subfield code="a">BCS1</subfield>
      <subfield code="b">BCS1</subfield>
      <subfield code="x">bibBKO00129239</subfield>
    </datafield>
    <datafield tag="852" ind1=" " ind2=" ">
      <subfield code="a">SZL1</subfield>
      <subfield code="b">SZL1</subfield>
      <subfield code="x">bibVFK00154049</subfield>
    </datafield>
    <datafield tag="852" ind1=" " ind2=" ">
      <subfield code="a">SZK1</subfield>
      <subfield code="b">SZK1</subfield>
      <subfield code="x">963 09 3352 7</subfield>
    </datafield>
    <datafield tag="852" ind1=" " ind2=" ">
      <subfield code="a">D1</subfield>
      <subfield code="b">D1</subfield>
      <subfield code="x">bibKLT00007725</subfield>
    </datafield>
    <datafield tag="852" ind1=" " ind2=" ">
      <subfield code="a">P1</subfield>
      <subfield code="b">P1/FK</subfield>
      <subfield code="x">bibJPT00129846</subfield>
    </datafield>
    <datafield tag="852" ind1=" " ind2=" ">
      <subfield code="a">SZ4</subfield>
      <subfield code="b">SZ4</subfield>
      <subfield code="b">SZ4/K2</subfield>
      <subfield code="b">SZ4/R2</subfield>
      <subfield code="b">SZ4/F7</subfield>
      <subfield code="x">bibFSZ00035180</subfield>
    </datafield>
    <datafield tag="852" ind1=" " ind2=" ">
      <subfield code="a">M2</subfield>
      <subfield code="b">M2</subfield>
      <subfield code="x">bibRFK00064932</subfield>
    </datafield>
  </record>