
  <record>
    <leader>00457nam  2200145 i 4500</leader>
    <controlfield tag="001">MOKKAS0003244880  </controlfield>
    <controlfield tag="005">20060601191912.0</controlfield>
    <controlfield tag="008">050101s1989                            d</controlfield>
    <datafield tag="035" ind1=" " ind2=" ">
      <subfield code="a">155012</subfield>
    </datafield>
    <datafield tag="040" ind1=" " ind2=" ">
      <subfield code="a">KKMK</subfield>
    </datafield>
    <datafield tag="100" ind1="1" ind2=" ">
      <subfield code="a">Sinkó Péter</subfield>
      <subfield code="d">(1949-)</subfield>
      <subfield code="c">(humorista)</subfield>
    </datafield>
    <datafield tag="245" ind1="1" ind2="0">
      <subfield code="a">1001 hülye tanács fogyókúrázóknak /</subfield>
      <subfield code="c">Sinkó Péter</subfield>
    </datafield>
    <datafield tag="260" ind1=" " ind2=" ">
      <subfield code="a">Budapest :</subfield>
      <subfield code="b">Béta Műszaki Könyvkiadó Ügynökség,</subfield>
      <subfield code="c">1989</subfield>
    </datafield>
    <datafield tag="300" ind1=" " ind2=" ">
      <subfield code="a">202 p. :</subfield>
      <subfield code="b">ill. ;</subfield>
      <subfield code="c">18 cm</subfield>
    </datafield>
    <datafield tag="852" ind1=" " ind2=" ">
      <subfield code="a">GY1</subfield>
      <subfield code="b">GY1</subfield>
      <subfield code="x">155012</subfield>
    </datafield>
  </record>