
  <record>
    <leader>00822nama 22001931i 4500</leader>
    <controlfield tag="001">MOKKAS0000698446  </controlfield>
    <controlfield tag="005">20060616203010.0</controlfield>
    <controlfield tag="008">041105s1987    de            000 0 gerod</controlfield>
    <datafield tag="035" ind1=" " ind2=" ">
      <subfield code="a">1457396</subfield>
    </datafield>
    <datafield tag="040" ind1=" " ind2=" ">
      <subfield code="a">OSZK</subfield>
    </datafield>
    <datafield tag="041" ind1="0" ind2=" ">
      <subfield code="a">gerger</subfield>
    </datafield>
    <datafield tag="245" ind1="0" ind2="0">
      <subfield code="a">100+1 Jahr Plakat in Ungarn : </subfield>
      <subfield code="b">Galerie Am Weidendamm, Januar 1987 /</subfield>
      <subfield code="c">[Org.] Ministerium für Kultur, Zentrum für Kunstausstellungen der DDR ; [Katalog László Szirmai, Hubert Riedel]</subfield>
    </datafield>
    <datafield tag="260" ind1=" " ind2=" ">
      <subfield code="a">[Berlin] :</subfield>
      <subfield code="b">Zentrum f. Kunstausstellungen d. DDR,</subfield>
      <subfield code="c">[1987]</subfield>
    </datafield>
    <datafield tag="300" ind1=" " ind2=" ">
      <subfield code="a">21 p. :</subfield>
      <subfield code="b">ill. ;</subfield>
      <subfield code="c">24 cm</subfield>
    </datafield>
    <datafield tag="500" ind1=" " ind2=" ">
      <subfield code="a">Kiállítás</subfield>
    </datafield>
    <datafield tag="500" ind1=" " ind2=" ">
      <subfield code="a">Válogatás az 1986-ban Budapesten megrendezett 100+1 éves a magyar plakát c. kiállítás anyagából</subfield>
    </datafield>
    <datafield tag="700" ind1="1" ind2=" ">
      <subfield code="a">Szirmai László</subfield>
      <subfield code="4">(közrem.)</subfield>
    </datafield>
    <datafield tag="700" ind1="1" ind2=" ">
      <subfield code="a">Riedel, Hubert</subfield>
      <subfield code="c">(cédulakatalógus alapján)</subfield>
      <subfield code="4">(közrem.)</subfield>
    </datafield>
    <datafield tag="852" ind1=" " ind2=" ">
      <subfield code="a">B1</subfield>
      <subfield code="b">B1</subfield>
      <subfield code="x">1457396</subfield>
    </datafield>
  </record>