
  <record>
    <leader>01037nam  2200229 i 4500</leader>
    <controlfield tag="001">MOKKAZ0006434356  </controlfield>
    <controlfield tag="005">20040915202330.0</controlfield>
    <controlfield tag="008">010227m19879999de rp          00 0 gerod</controlfield>
    <datafield tag="020" ind1=" " ind2=" ">
      <subfield code="a">3-924302-27-8</subfield>
    </datafield>
    <datafield tag="035" ind1=" " ind2=" ">
      <subfield code="a">838773</subfield>
    </datafield>
    <datafield tag="040" ind1=" " ind2=" ">
      <subfield code="a">OSZK</subfield>
    </datafield>
    <datafield tag="041" ind1="0" ind2=" ">
      <subfield code="a">gerger</subfield>
      <subfield code="h">hun</subfield>
    </datafield>
    <datafield tag="072" ind1=" " ind2="1">
      <subfield code="a">y</subfield>
    </datafield>
    <datafield tag="245" ind1="0" ind2="0">
      <subfield code="a">100+1 Jahre ungarische Plakatkunst : </subfield>
      <subfield code="b">eine Ausstellung im Rahmen der Auslandskulturtage der Stadt Dortmund mit der Volksrepublik Ungarn 24. Mai - 28. Juni 1987 /</subfield>
      <subfield code="c">[hrsg. ... vom Museum für Kunst und Kulturgeschichte der Stadt Dortmund u. dem Museum am Ostwall Dortmund] ; [Katalogkonzeption u. Text Katalin Bakos] ; [Red. Dietmar Elger] ; [Übers. Tamás Szá</subfield>
    </datafield>
    <datafield tag="260" ind1=" " ind2=" ">
      <subfield code="a">Dortmund :</subfield>
      <subfield code="b">Cramers,</subfield>
      <subfield code="c">1987</subfield>
    </datafield>
    <datafield tag="300" ind1=" " ind2=" ">
      <subfield code="a">70 p. :</subfield>
      <subfield code="b">ill., részben színes ;</subfield>
      <subfield code="c">30 cm</subfield>
    </datafield>
    <datafield tag="700" ind1="1" ind2=" ">
      <subfield code="a">Bakos Katalin</subfield>
      <subfield code="d">(1952-)</subfield>
      <subfield code="4">(összeáll.)</subfield>
    </datafield>
    <datafield tag="700" ind1="1" ind2=" ">
      <subfield code="a">Elger, Dietmar</subfield>
      <subfield code="4">(szerk.)</subfield>
    </datafield>
    <datafield tag="700" ind1="1" ind2=" ">
      <subfield code="a">Szántó Tamás</subfield>
      <subfield code="4">(ford.)</subfield>
    </datafield>
    <datafield tag="710" ind1="2" ind2=" ">
      <subfield code="a">Museum für Kunst und Kulturgeschichte (Dortmund)</subfield>
      <subfield code="4">közread.</subfield>
    </datafield>
    <datafield tag="710" ind1="2" ind2=" ">
      <subfield code="a">Museum am Ostwall (Dortmund)</subfield>
      <subfield code="4">közread.</subfield>
    </datafield>
    <datafield tag="852" ind1=" " ind2=" ">
      <subfield code="a">B1</subfield>
      <subfield code="b">B1</subfield>
      <subfield code="x">838773</subfield>
    </datafield>
  </record>