
  <record>
    <leader>00711nam  2200193 i 4500</leader>
    <controlfield tag="001">MOKKAS0002203717  </controlfield>
    <controlfield tag="005">20060525210621.0</controlfield>
    <controlfield tag="008">860203s1985    hu a          00000 hun 1</controlfield>
    <datafield tag="020" ind1=" " ind2=" ">
      <subfield code="a">963-592-555-7 (fűzött)</subfield>
      <subfield code="z">963 592 512 3</subfield>
    </datafield>
    <datafield tag="035" ind1=" " ind2=" ">
      <subfield code="a">bibSOK00056461</subfield>
    </datafield>
    <datafield tag="040" ind1=" " ind2=" ">
      <subfield code="a">SK</subfield>
    </datafield>
    <datafield tag="245" ind1="0" ind2="0">
      <subfield code="a">1001 játék és a Graphics BASIC Commodore 64-en /</subfield>
      <subfield code="c">[... szerk. Székely László] ; [írta Erdős Iván et al.] ; [közread. az] LSI Alkalmazástechnikai Tanácsadó Szolgálat</subfield>
    </datafield>
    <datafield tag="260" ind1=" " ind2=" ">
      <subfield code="a">Bp. :</subfield>
      <subfield code="b">[OMIKK],</subfield>
      <subfield code="c">1985</subfield>
      <subfield code="e">([Bp.] :</subfield>
      <subfield code="f">Mátrainvest Ny.)</subfield>
    </datafield>
    <datafield tag="300" ind1=" " ind2=" ">
      <subfield code="a">115 p. :</subfield>
      <subfield code="b">ill. ;</subfield>
      <subfield code="c">24 cm</subfield>
    </datafield>
    <datafield tag="695" ind1=" " ind2=" ">
      <subfield code="a">Játék</subfield>
      <subfield code="x">számítógép</subfield>
    </datafield>
    <datafield tag="695" ind1=" " ind2=" ">
      <subfield code="a">xxx</subfield>
    </datafield>
    <datafield tag="700" ind1="1" ind2=" ">
      <subfield code="a">Erdős Iván</subfield>
    </datafield>
    <datafield tag="700" ind1="1" ind2=" ">
      <subfield code="a">Székely László</subfield>
    </datafield>
    <datafield tag="852" ind1=" " ind2=" ">
      <subfield code="a">SZ4</subfield>
      <subfield code="b">SZ4</subfield>
      <subfield code="x">bibSOK00056461</subfield>
    </datafield>
  </record>