
  <record>
    <leader>01141fam  2200313 i 4500</leader>
    <controlfield tag="001">MOKKAZ0006400292  </controlfield>
    <controlfield tag="005">20040915200615.0</controlfield>
    <controlfield tag="008">010105s2000    hu a     b    000 0 hun d</controlfield>
    <datafield tag="020" ind1=" " ind2=" ">
      <subfield code="a">963-9123-82-X (fűzött)</subfield>
    </datafield>
    <datafield tag="035" ind1=" " ind2=" ">
      <subfield code="a">796668</subfield>
    </datafield>
    <datafield tag="040" ind1=" " ind2=" ">
      <subfield code="a">OSZK</subfield>
    </datafield>
    <datafield tag="041" ind1="1" ind2=" ">
      <subfield code="a">hunhun</subfield>
      <subfield code="h">ger</subfield>
    </datafield>
    <datafield tag="130" ind1="0" ind2="0">
      <subfield code="a">1001 Spiel- und Übungsformen im Schwimmen</subfield>
      <subfield code="l">magyar</subfield>
    </datafield>
    <datafield tag="245" ind1="0" ind2="0">
      <subfield code="a">1001 játék- és gyakorlatforma az úszásban : </subfield>
      <subfield code="b">[kézikönyv tanároknak, edzőknek, versenyzőknek] /</subfield>
      <subfield code="c">írta szerzői kollektíva ; szerk. Walter Bucher ; [ford. Major Mercedes]</subfield>
    </datafield>
    <datafield tag="260" ind1=" " ind2=" ">
      <subfield code="a">Budapest</subfield>
      <subfield code="a">Pécs :</subfield>
      <subfield code="b">Dialóg Campus,</subfield>
      <subfield code="c">2000</subfield>
      <subfield code="e">(Pécs</subfield>
      <subfield code="f">G &amp; G Kft.)</subfield>
    </datafield>
    <datafield tag="300" ind1=" " ind2=" ">
      <subfield code="a">257 p. :</subfield>
      <subfield code="b">ill. ;</subfield>
      <subfield code="c">15x21 cm</subfield>
    </datafield>
    <datafield tag="490" ind1="1" ind2=" ">
      <subfield code="a">Dialóg Campus szakkönyvek</subfield>
      <subfield code="x">1417-7986</subfield>
    </datafield>
    <datafield tag="490" ind1="1" ind2=" ">
      <subfield code="a">Dialóg Campus sport</subfield>
      <subfield code="x">1586-0973</subfield>
    </datafield>
    <datafield tag="504" ind1=" " ind2=" ">
      <subfield code="a">Bibliogr.: p. [258].</subfield>
    </datafield>
    <datafield tag="695" ind1=" " ind2=" ">
      <subfield code="a">Úszás</subfield>
    </datafield>
    <datafield tag="695" ind1=" " ind2=" ">
      <subfield code="a">Testnevelés</subfield>
    </datafield>
    <datafield tag="695" ind1=" " ind2=" ">
      <subfield code="a">Tanári kézikönyv</subfield>
    </datafield>
    <datafield tag="700" ind1="1" ind2=" ">
      <subfield code="a">Major Mercedes</subfield>
      <subfield code="4">(ford.)</subfield>
    </datafield>
    <datafield tag="700" ind1="1" ind2=" ">
      <subfield code="a">Bucher, Walter</subfield>
      <subfield code="4">(szerk.)</subfield>
    </datafield>
    <datafield tag="830" ind1=" " ind2="0">
      <subfield code="a">Dialóg Campus szakkönyvek</subfield>
    </datafield>
    <datafield tag="830" ind1=" " ind2="0">
      <subfield code="a">Dialóg Campus sport</subfield>
    </datafield>
    <datafield tag="852" ind1=" " ind2=" ">
      <subfield code="a">B1</subfield>
      <subfield code="b">B1</subfield>
      <subfield code="x">796668</subfield>
    </datafield>
    <datafield tag="852" ind1=" " ind2=" ">
      <subfield code="a">B10</subfield>
      <subfield code="b">0801</subfield>
      <subfield code="x">bibFSZ43728</subfield>
    </datafield>
    <datafield tag="852" ind1=" " ind2=" ">
      <subfield code="a">P1</subfield>
      <subfield code="b">P1/FK</subfield>
      <subfield code="x">bibJPT00177875</subfield>
    </datafield>
  </record>