
  <record>
    <leader>00918nim  2200265   4500</leader>
    <controlfield tag="001">MOKKAZ0004741586  </controlfield>
    <controlfield tag="005">20040910095602.0</controlfield>
    <controlfield tag="008">991029p20032000                    hun d</controlfield>
    <datafield tag="028" ind1=" " ind2=" ">
      <subfield code="a">2322/1-14</subfield>
    </datafield>
    <datafield tag="035" ind1=" " ind2=" ">
      <subfield code="a">bibFSZ907086</subfield>
    </datafield>
    <datafield tag="040" ind1=" " ind2=" ">
      <subfield code="a">FSZEK</subfield>
    </datafield>
    <datafield tag="100" ind1="1" ind2=" ">
      <subfield code="a">Raj Tamás</subfield>
      <subfield code="d">(1940-)</subfield>
    </datafield>
    <datafield tag="245" ind1="1" ind2="0">
      <subfield code="a">100+1 jiddis szó</subfield>
      <subfield code="h">[Hangfelvétel] :</subfield>
      <subfield code="b">zsidóságismeret új megközelítésben /</subfield>
      <subfield code="c">Raj Tamás ; [előadó:] Havas Judit</subfield>
    </datafield>
    <datafield tag="260" ind1=" " ind2=" ">
      <subfield code="a">[Budapest] :</subfield>
      <subfield code="b">[MVGYOSZ],</subfield>
      <subfield code="c">[2003], p. 2000</subfield>
    </datafield>
    <datafield tag="300" ind1=" " ind2=" ">
      <subfield code="a">14 hangk.</subfield>
    </datafield>
    <datafield tag="500" ind1=" " ind2=" ">
      <subfield code="a">Közös műanyag dobozban</subfield>
    </datafield>
    <datafield tag="550" ind1=" " ind2=" ">
      <subfield code="a">Közread. a Magyar Vakok és Gyengénlátók Országos Szövetsége</subfield>
    </datafield>
    <datafield tag="695" ind1=" " ind2="1">
      <subfield code="a">hangoskönyv</subfield>
    </datafield>
    <datafield tag="695" ind1=" " ind2="1">
      <subfield code="a">egyetemes művelődéstörténet</subfield>
    </datafield>
    <datafield tag="695" ind1=" " ind2="1">
      <subfield code="a">zsidóság</subfield>
    </datafield>
    <datafield tag="695" ind1=" " ind2="1">
      <subfield code="a">kuriózumok</subfield>
    </datafield>
    <datafield tag="695" ind1=" " ind2="1">
      <subfield code="a">anekdoták</subfield>
    </datafield>
    <datafield tag="700" ind1="1" ind2=" ">
      <subfield code="a">Havas Judit</subfield>
      <subfield code="4">előadó</subfield>
    </datafield>
    <datafield tag="710" ind1="2" ind2=" ">
      <subfield code="a">Magyar Vakok és Gyengénlátók Országos Szövetsége</subfield>
      <subfield code="4">közread.</subfield>
    </datafield>
    <datafield tag="852" ind1=" " ind2=" ">
      <subfield code="a">B10</subfield>
      <subfield code="b">0801</subfield>
      <subfield code="x">bibFSZ907086</subfield>
    </datafield>
  </record>