
  <record>
    <leader>00663cam  2200181   4500</leader>
    <controlfield tag="001">MOKKAZ0003193254  </controlfield>
    <controlfield tag="005">20040909165129.0</controlfield>
    <controlfield tag="008">       1986                        hun  </controlfield>
    <datafield tag="020" ind1=" " ind2=" ">
      <subfield code="a">963 7162 35 6</subfield>
    </datafield>
    <datafield tag="035" ind1=" " ind2=" ">
      <subfield code="a">ISISFEF0009360</subfield>
    </datafield>
    <datafield tag="040" ind1=" " ind2=" ">
      <subfield code="a">DEENK</subfield>
    </datafield>
    <datafield tag="245" ind1="0" ind2="0">
      <subfield code="a">100 + 1 éves a magyar plakát :</subfield>
      <subfield code="b">A magyar plakátművészet története 1885-1986 : Műcarnok, Budapest 1986. május 23-szeptember 14. /</subfield>
      <subfield code="c">a kiállítást rendezte Bakos Katalin és Kemény György]</subfield>
    </datafield>
    <datafield tag="260" ind1=" " ind2=" ">
      <subfield code="a">Budapest :</subfield>
      <subfield code="b">[s.n.],</subfield>
      <subfield code="c">1986</subfield>
    </datafield>
    <datafield tag="300" ind1=" " ind2=" ">
      <subfield code="a">208 p. ;</subfield>
      <subfield code="c">29 cm</subfield>
    </datafield>
    <datafield tag="695" ind1=" " ind2=" ">
      <subfield code="a">Plakátművészet</subfield>
      <subfield code="z">magyar</subfield>
    </datafield>
    <datafield tag="700" ind1="1" ind2=" ">
      <subfield code="a">Kemény György</subfield>
    </datafield>
    <datafield tag="700" ind1="1" ind2=" ">
      <subfield code="a">Bakos Katalin</subfield>
      <subfield code="d">(1952-)</subfield>
    </datafield>
    <datafield tag="852" ind1=" " ind2=" ">
      <subfield code="a">D1</subfield>
      <subfield code="b">D1</subfield>
      <subfield code="x">ISISFEF0009360</subfield>
    </datafield>
  </record>