
  <record>
    <leader>00911nam  2200253 i 4500</leader>
    <controlfield tag="001">MOKKAW0005111710  </controlfield>
    <controlfield tag="005">20080908144855.0</controlfield>
    <controlfield tag="008">071116 2007    hu            001   hun  </controlfield>
    <datafield tag="020" ind1=" " ind2=" ">
      <subfield code="a">963 963 689 075 9</subfield>
    </datafield>
    <datafield tag="035" ind1=" " ind2=" ">
      <subfield code="a">bibJAT00719388</subfield>
    </datafield>
    <datafield tag="040" ind1=" " ind2=" ">
      <subfield code="a">SZTE</subfield>
    </datafield>
    <datafield tag="041" ind1=" " ind2=" ">
      <subfield code="a">hun</subfield>
      <subfield code="h">eng</subfield>
    </datafield>
    <datafield tag="245" ind1="0" ind2="0">
      <subfield code="a">1001 könyv, amit el kell olvasnod, mielőtt meghalsz /</subfield>
      <subfield code="c">főszerk. Peter Boxal ; előszó Peter Ackroyd ; [ford. Beczásy Dorottya et al.]</subfield>
    </datafield>
    <datafield tag="260" ind1=" " ind2=" ">
      <subfield code="a">Budapest :</subfield>
      <subfield code="b">Gabo,</subfield>
      <subfield code="c">[2007]</subfield>
    </datafield>
    <datafield tag="300" ind1=" " ind2=" ">
      <subfield code="a">960 p. :</subfield>
      <subfield code="b">ill. ;</subfield>
      <subfield code="c">22 cm</subfield>
    </datafield>
    <datafield tag="650" ind1=" " ind2="7">
      <subfield code="a">Világirodalom</subfield>
      <subfield code="x">regény</subfield>
      <subfield code="x">tartalmi kivonat</subfield>
      <subfield code="2">szte</subfield>
    </datafield>
    <datafield tag="650" ind1=" " ind2="4">
      <subfield code="a">Irodalom</subfield>
      <subfield code="x">történetek, cselekmények stb.</subfield>
    </datafield>
    <datafield tag="650" ind1=" " ind2="0">
      <subfield code="a">Literature</subfield>
      <subfield code="x">Stories, plots, etc.</subfield>
    </datafield>
    <datafield tag="695" ind1=" " ind2=" ">
      <subfield code="a">Világirodalom</subfield>
      <subfield code="x">regény</subfield>
      <subfield code="x">tartalmi kivonat</subfield>
    </datafield>
    <datafield tag="700" ind1="1" ind2=" ">
      <subfield code="a">Boxal, Peter</subfield>
    </datafield>
    <datafield tag="700" ind1="1" ind2=" ">
      <subfield code="a">Ackroyd, Peter</subfield>
      <subfield code="d">(1949-)</subfield>
    </datafield>
    <datafield tag="700" ind1="1" ind2=" ">
      <subfield code="a">Beczásy Dorottya</subfield>
    </datafield>
    <datafield tag="852" ind1=" " ind2=" ">
      <subfield code="a">SZ1</subfield>
      <subfield code="b">SZ1/B3</subfield>
      <subfield code="x">bibJAT00719388</subfield>
    </datafield>
    <datafield tag="852" ind1=" " ind2=" ">
      <subfield code="a">D1</subfield>
      <subfield code="B">HBO8</subfield>
      <subfield code="b">D1</subfield>
      <subfield code="x">MOKKAW0005111710</subfield>
    </datafield>
  </record>