
  <record>
    <leader>00697nama 22001691i 4500</leader>
    <controlfield tag="001">MOKKAS0000696728  </controlfield>
    <controlfield tag="005">20060616202108.0</controlfield>
    <controlfield tag="008">041105s1986    pl            000 0 polod</controlfield>
    <datafield tag="035" ind1=" " ind2=" ">
      <subfield code="a">1455677</subfield>
    </datafield>
    <datafield tag="040" ind1=" " ind2=" ">
      <subfield code="a">OSZK</subfield>
    </datafield>
    <datafield tag="041" ind1="0" ind2=" ">
      <subfield code="a">polpol</subfield>
    </datafield>
    <datafield tag="245" ind1="0" ind2="0">
      <subfield code="a">100 1 lat plakatu wegierskiego : </subfield>
      <subfield code="b">wystawa ze zbiorów wegierskich : Warszawa, Muzeum Plakatu w Wilanowie, [pazdziernik - grudzien 1986] : katalog /</subfield>
      <subfield code="c">[org.] Muzeum Plakatu w Wilanowie ; [oprac. Katalin Bakos] ; [tlum. Jan Gryglak]</subfield>
    </datafield>
    <datafield tag="260" ind1=" " ind2=" ">
      <subfield code="a">Warszawa :</subfield>
      <subfield code="b">Muzeum Plakatu,</subfield>
      <subfield code="c">1986</subfield>
    </datafield>
    <datafield tag="300" ind1=" " ind2=" ">
      <subfield code="a">35 p., 16 t. ;</subfield>
      <subfield code="c">22x22 cm</subfield>
    </datafield>
    <datafield tag="700" ind1="1" ind2=" ">
      <subfield code="a">Bakos Katalin</subfield>
      <subfield code="d">(1952-)</subfield>
      <subfield code="4">(szerk.)</subfield>
    </datafield>
    <datafield tag="700" ind1="1" ind2=" ">
      <subfield code="a">Gryglak, Jan</subfield>
      <subfield code="c">(cédulakatalógus alapján)</subfield>
      <subfield code="4">(közrem.)</subfield>
    </datafield>
    <datafield tag="852" ind1=" " ind2=" ">
      <subfield code="a">B1</subfield>
      <subfield code="b">B1</subfield>
      <subfield code="x">1455677</subfield>
    </datafield>
  </record>