
  <record>
    <leader>00544nam  2200169 i 4500</leader>
    <controlfield tag="001">MOKKAS0001134805  </controlfield>
    <controlfield tag="005">20051216193228.0</controlfield>
    <controlfield tag="008">050903s1976    hu            00010 hun d</controlfield>
    <datafield tag="020" ind1=" " ind2=" ">
      <subfield code="a">963-253-518-9</subfield>
    </datafield>
    <datafield tag="035" ind1=" " ind2=" ">
      <subfield code="a">bibBKO00173701</subfield>
    </datafield>
    <datafield tag="040" ind1=" " ind2=" ">
      <subfield code="a">BMK</subfield>
    </datafield>
    <datafield tag="100" ind1="1" ind2=" ">
      <subfield code="a">Lukács László</subfield>
    </datafield>
    <datafield tag="245" ind1="1" ind2="0">
      <subfield code="a">100+1 :</subfield>
      <subfield code="b">a magyar olimpiai aranyérmek története : 1896-1972 /</subfield>
      <subfield code="c">Lukács László, Szepesi György</subfield>
    </datafield>
    <datafield tag="260" ind1=" " ind2=" ">
      <subfield code="a">Budapest :</subfield>
      <subfield code="b">Sport Kiadó,</subfield>
      <subfield code="c">1976</subfield>
    </datafield>
    <datafield tag="300" ind1=" " ind2=" ">
      <subfield code="a">196 p., [18] t. :</subfield>
      <subfield code="b">ill. ;</subfield>
      <subfield code="c">22x24 cm</subfield>
    </datafield>
    <datafield tag="700" ind1="1" ind2=" ">
      <subfield code="a">Szepesi György</subfield>
    </datafield>
    <datafield tag="852" ind1=" " ind2=" ">
      <subfield code="a">BCS1</subfield>
      <subfield code="b">BCS1</subfield>
      <subfield code="x">bibBKO00173701</subfield>
    </datafield>
  </record>