
  <record>
    <leader>00627nam  2200193   4500</leader>
    <controlfield tag="001">MOKKAS0002244757  </controlfield>
    <controlfield tag="005">20060526023142.0</controlfield>
    <controlfield tag="008">980610s1976    hu a          00010 hun d</controlfield>
    <datafield tag="020" ind1=" " ind2=" ">
      <subfield code="a">963 253 518 9</subfield>
    </datafield>
    <datafield tag="035" ind1=" " ind2=" ">
      <subfield code="a">bibJGY00056214</subfield>
    </datafield>
    <datafield tag="040" ind1=" " ind2=" ">
      <subfield code="a">SK</subfield>
    </datafield>
    <datafield tag="100" ind1="1" ind2=" ">
      <subfield code="a">Lukács László</subfield>
      <subfield code="d">(1914-1991)</subfield>
    </datafield>
    <datafield tag="245" ind1="1" ind2="0">
      <subfield code="a">100 + 1 :</subfield>
      <subfield code="b">a magyar olimpiai aranyérmek története, 1896-1972 /</subfield>
      <subfield code="c">Lukács László, Szepesi György</subfield>
    </datafield>
    <datafield tag="260" ind1=" " ind2=" ">
      <subfield code="a">Budapest :</subfield>
      <subfield code="b">Sport,</subfield>
      <subfield code="c">1976</subfield>
    </datafield>
    <datafield tag="300" ind1=" " ind2=" ">
      <subfield code="a">196, [4] p., 18 t. :</subfield>
      <subfield code="b">ill. ;</subfield>
      <subfield code="c">22x24 cm</subfield>
    </datafield>
    <datafield tag="695" ind1=" " ind2=" ">
      <subfield code="a">Olimpia</subfield>
      <subfield code="x">aranyérmesek</subfield>
      <subfield code="x">magyar</subfield>
    </datafield>
    <datafield tag="695" ind1=" " ind2=" ">
      <subfield code="a">xxx</subfield>
    </datafield>
    <datafield tag="700" ind1="1" ind2=" ">
      <subfield code="a">Szepesi György</subfield>
      <subfield code="d">(1922-)</subfield>
    </datafield>
    <datafield tag="852" ind1=" " ind2=" ">
      <subfield code="a">SZ4</subfield>
      <subfield code="b">SZ4</subfield>
      <subfield code="x">bibJGY00056214</subfield>
    </datafield>
  </record>