
  <record>
    <leader>01853fam  2200481 i 4500</leader>
    <controlfield tag="001">MOKKAZ0006272125  </controlfield>
    <controlfield tag="005">20101122232155.0</controlfield>
    <controlfield tag="008">940510t19761976hu a          000 0 hun d</controlfield>
    <datafield tag="020" ind1=" " ind2=" ">
      <subfield code="a">963-253-518-9 (kötött) :</subfield>
      <subfield code="c">62,- Ft</subfield>
    </datafield>
    <datafield tag="035" ind1=" " ind2=" ">
      <subfield code="a">651574</subfield>
    </datafield>
    <datafield tag="040" ind1=" " ind2=" ">
      <subfield code="a">OSZK</subfield>
    </datafield>
    <datafield tag="041" ind1="0" ind2=" ">
      <subfield code="a">hunhun</subfield>
    </datafield>
    <datafield tag="080" ind1=" " ind2=" ">
      <subfield code="a">796.032.2(079.2)"1896/1972":929(439)</subfield>
    </datafield>
    <datafield tag="100" ind1="1" ind2=" ">
      <subfield code="a">Lukács László</subfield>
    </datafield>
    <datafield tag="245" ind1="1" ind2="0">
      <subfield code="a">100+1 : </subfield>
      <subfield code="b">A magyar olimpiai aranyérmek története : 1896-1972 /</subfield>
      <subfield code="c">Lukács László, Szepesi György</subfield>
    </datafield>
    <datafield tag="260" ind1=" " ind2=" ">
      <subfield code="a">Budapest :</subfield>
      <subfield code="b">Sport,</subfield>
      <subfield code="c">1976</subfield>
      <subfield code="e">(Gyoma</subfield>
      <subfield code="f">Kner Ny.)</subfield>
      <subfield code="e">(Budapest</subfield>
      <subfield code="f">Offset és J. Ny.)</subfield>
    </datafield>
    <datafield tag="300" ind1=" " ind2=" ">
      <subfield code="a">196 l., 18 t.l. :</subfield>
      <subfield code="b">ill. ;</subfield>
      <subfield code="c">22x24 cm</subfield>
    </datafield>
    <datafield tag="500" ind1=" " ind2=" ">
      <subfield code="a">24600</subfield>
    </datafield>
    <datafield tag="650" ind1="0" ind2="4">
      <subfield code="a">olimpiatörténet</subfield>
      <subfield code="y">1896-1972</subfield>
    </datafield>
    <datafield tag="650" ind1="0" ind2="4">
      <subfield code="a">olimpiai játékok</subfield>
      <subfield code="x">magyar aranyérmesek</subfield>
      <subfield code="y">1896-1972</subfield>
    </datafield>
    <datafield tag="650" ind1="0" ind2="4">
      <subfield code="a">olimpikonok</subfield>
      <subfield code="z">magyar</subfield>
      <subfield code="y">1896-1972</subfield>
    </datafield>
    <datafield tag="650" ind1="0" ind2="4">
      <subfield code="a">olimpiai bajnokok</subfield>
      <subfield code="z">magyar</subfield>
    </datafield>
    <datafield tag="650" ind1=" " ind2="4">
      <subfield code="a">Olimpia</subfield>
    </datafield>
    <datafield tag="650" ind1=" " ind2="4">
      <subfield code="a">Aranyérmesek, magyar</subfield>
    </datafield>
    <datafield tag="650" ind1=" " ind2="4">
      <subfield code="a">Történet 1896-1972</subfield>
    </datafield>
    <datafield tag="650" ind1=" " ind2="4">
      <subfield code="a">Olimpiák</subfield>
      <subfield code="x">Magyar aranyérmesek</subfield>
    </datafield>
    <datafield tag="650" ind1=" " ind2="4">
      <subfield code="a">Adattár</subfield>
    </datafield>
    <datafield tag="650" ind1=" " ind2="4">
      <subfield code="a">Magyarország</subfield>
    </datafield>
    <datafield tag="650" ind1=" " ind2="4">
      <subfield code="a">Sport</subfield>
    </datafield>
    <datafield tag="650" ind1=" " ind2="4">
      <subfield code="a">Történelem</subfield>
    </datafield>
    <datafield tag="650" ind1=" " ind2="7">
      <subfield code="a">sport</subfield>
      <subfield code="x">olimpiai játékok</subfield>
      <subfield code="x">történet</subfield>
      <subfield code="y">1896-1972</subfield>
      <subfield code="2">potesh</subfield>
    </datafield>
    <datafield tag="695" ind1=" " ind2=" ">
      <subfield code="a">Olimpia története</subfield>
    </datafield>
    <datafield tag="700" ind1="1" ind2="0">
      <subfield code="a">Szepesi György</subfield>
      <subfield code="d">(1922-)</subfield>
    </datafield>
    <datafield tag="852" ind1=" " ind2=" ">
      <subfield code="a">B1</subfield>
      <subfield code="b">B1</subfield>
      <subfield code="x">651574</subfield>
    </datafield>
    <datafield tag="852" ind1=" " ind2=" ">
      <subfield code="a">B10</subfield>
      <subfield code="b">0801</subfield>
      <subfield code="b">0801G</subfield>
      <subfield code="b">1803</subfield>
      <subfield code="b">1901</subfield>
      <subfield code="b">1903</subfield>
      <subfield code="b">2104</subfield>
      <subfield code="b">2105</subfield>
      <subfield code="b">2301</subfield>
      <subfield code="b">0901</subfield>
      <subfield code="b">0902</subfield>
      <subfield code="b">1802</subfield>
      <subfield code="b">1308</subfield>
      <subfield code="b">0401</subfield>
      <subfield code="b">0702</subfield>
      <subfield code="b">9999</subfield>
      <subfield code="b">0101</subfield>
      <subfield code="b">1105</subfield>
      <subfield code="b">1202</subfield>
      <subfield code="b">1201</subfield>
      <subfield code="b">0204</subfield>
      <subfield code="b">2201</subfield>
      <subfield code="b">2203</subfield>
      <subfield code="b">0302</subfield>
      <subfield code="b">0202</subfield>
      <subfield code="b">0305</subfield>
      <subfield code="b">2101</subfield>
      <subfield code="b">1704</subfield>
      <subfield code="b">1004</subfield>
      <subfield code="b">1401</subfield>
      <subfield code="b">1402</subfield>
      <subfield code="b">1601</subfield>
      <subfield code="b">1702</subfield>
      <subfield code="b">1501</subfield>
      <subfield code="b">1504</subfield>
      <subfield code="b">0305</subfield>
      <subfield code="b">0602</subfield>
      <subfield code="b">1504</subfield>
      <subfield code="b">1307</subfield>
      <subfield code="b">0903</subfield>
      <subfield code="x">bibFSZ00075957</subfield>
    </datafield>
    <datafield tag="852" ind1=" " ind2=" ">
      <subfield code="a">M1</subfield>
      <subfield code="b">M1</subfield>
      <subfield code="x">182430</subfield>
    </datafield>
    <datafield tag="852" ind1=" " ind2=" ">
      <subfield code="a">P1</subfield>
      <subfield code="b">P1/FK</subfield>
      <subfield code="b">P1</subfield>
      <subfield code="b">P1/SZ2</subfield>
      <subfield code="b">P1/MK</subfield>
      <subfield code="b">P10/K</subfield>
      <subfield code="x">963 253 518 9</subfield>
    </datafield>
    <datafield tag="852" ind1=" " ind2=" ">
      <subfield code="a">B2</subfield>
      <subfield code="b">B2</subfield>
      <subfield code="x">11845</subfield>
    </datafield>
    <datafield tag="852" ind1=" " ind2=" ">
      <subfield code="a">SZL1</subfield>
      <subfield code="b">SZL1</subfield>
      <subfield code="x">bibVFK00204831</subfield>
    </datafield>
    <datafield tag="852" ind1=" " ind2=" ">
      <subfield code="a">H1</subfield>
      <subfield code="b">H1</subfield>
      <subfield code="x">NLVK796392</subfield>
    </datafield>
    <datafield tag="852" ind1=" " ind2=" ">
      <subfield code="a">B12</subfield>
      <subfield code="b">B12</subfield>
      <subfield code="x">BCEKK356177</subfield>
    </datafield>
    <datafield tag="852" ind1=" " ind2=" ">
      <subfield code="a">B8</subfield>
      <subfield code="b">B8</subfield>
      <subfield code="x">OGYK000161341</subfield>
    </datafield>
    <datafield tag="852" ind1=" " ind2=" ">
      <subfield code="a">D1</subfield>
      <subfield code="b">D1</subfield>
      <subfield code="x">963 253 518 9</subfield>
    </datafield>
  </record>