
  <record>
    <leader>00510nam  2200157 i 4500</leader>
    <controlfield tag="001">MOKKAS0003278686  </controlfield>
    <controlfield tag="005">20060602144830.0</controlfield>
    <controlfield tag="008">050101s1976                            d</controlfield>
    <datafield tag="035" ind1=" " ind2=" ">
      <subfield code="a">308457</subfield>
    </datafield>
    <datafield tag="040" ind1=" " ind2=" ">
      <subfield code="a">KKMK</subfield>
    </datafield>
    <datafield tag="100" ind1="1" ind2=" ">
      <subfield code="a">Lukács László</subfield>
      <subfield code="d">(1914-1991)</subfield>
    </datafield>
    <datafield tag="245" ind1="1" ind2="0">
      <subfield code="a">100+1 : </subfield>
      <subfield code="b">A magyar olimpiai aranyérmek története : 1896-1972 /</subfield>
      <subfield code="c">Lukács László ; Szepesi György</subfield>
    </datafield>
    <datafield tag="260" ind1=" " ind2=" ">
      <subfield code="a">Budapest :</subfield>
      <subfield code="b">Sport,</subfield>
      <subfield code="c">1976</subfield>
    </datafield>
    <datafield tag="300" ind1=" " ind2=" ">
      <subfield code="a">196, [4] p., [18] t. ;</subfield>
      <subfield code="c">22x24 c</subfield>
    </datafield>
    <datafield tag="700" ind1="1" ind2="0">
      <subfield code="a">Szepesi György</subfield>
      <subfield code="d">(1922-)</subfield>
    </datafield>
    <datafield tag="852" ind1=" " ind2=" ">
      <subfield code="a">GY1</subfield>
      <subfield code="b">GY1</subfield>
      <subfield code="x">308457</subfield>
    </datafield>
  </record>