
  <record>
    <leader>00668nam  2200193 i 4500</leader>
    <controlfield tag="001">MOKKAS0003821566  </controlfield>
    <controlfield tag="005">20060616060712.0</controlfield>
    <controlfield tag="008">980610s1976    hu a          00010 hun d</controlfield>
    <datafield tag="035" ind1=" " ind2=" ">
      <subfield code="a">bibJGYx11013</subfield>
    </datafield>
    <datafield tag="040" ind1=" " ind2=" ">
      <subfield code="a">SZTE</subfield>
    </datafield>
    <datafield tag="100" ind1="1" ind2=" ">
      <subfield code="a">Lukács László</subfield>
      <subfield code="d">(1914-1991)</subfield>
    </datafield>
    <datafield tag="245" ind1="1" ind2="0">
      <subfield code="a">100 + 1 :</subfield>
      <subfield code="b">a magyar olimpiai aranyérmek története : 1896-1972 /</subfield>
      <subfield code="c">Lukács László, Szepesi György</subfield>
    </datafield>
    <datafield tag="260" ind1=" " ind2=" ">
      <subfield code="a">Budapest :</subfield>
      <subfield code="b">Sport,</subfield>
      <subfield code="c">1976</subfield>
    </datafield>
    <datafield tag="300" ind1=" " ind2=" ">
      <subfield code="a">196, [4] p., 18 t. :</subfield>
      <subfield code="b">ill. ;</subfield>
      <subfield code="c">22x24 cm</subfield>
    </datafield>
    <datafield tag="504" ind1=" " ind2=" ">
      <subfield code="a">Bibliogr.: p. 200.</subfield>
    </datafield>
    <datafield tag="650" ind1=" " ind2="7">
      <subfield code="a">Olimpiai érmesek</subfield>
      <subfield code="x">magyar</subfield>
      <subfield code="x">történet</subfield>
      <subfield code="2">szte</subfield>
    </datafield>
    <datafield tag="700" ind1="1" ind2=" ">
      <subfield code="a">Szepesi György</subfield>
      <subfield code="d">(1922-)</subfield>
    </datafield>
    <datafield tag="852" ind1=" " ind2=" ">
      <subfield code="a">SZ1</subfield>
      <subfield code="b">SZ1</subfield>
      <subfield code="x">bibJGYx11013</subfield>
    </datafield>
    <datafield tag="852" ind1=" " ind2=" ">
      <subfield code="a">B11</subfield>
      <subfield code="b">B11</subfield>
      <subfield code="x">BMEOMIKK000100816</subfield>
    </datafield>
  </record>