
  <record>
    <leader>00474njm  2200169 i 4500</leader>
    <controlfield tag="001">MOKKAN0004604636  </controlfield>
    <controlfield tag="005">20070503110239.0</controlfield>
    <controlfield tag="008">020515s1999                            d</controlfield>
    <datafield tag="028" ind1="0" ind2=" ">
      <subfield code="a">3984-27319-2</subfield>
    </datafield>
    <datafield tag="035" ind1=" " ind2=" ">
      <subfield code="a">150323322</subfield>
    </datafield>
    <datafield tag="040" ind1=" " ind2=" ">
      <subfield code="a">BDK</subfield>
    </datafield>
    <datafield tag="100" ind1="1" ind2=" ">
      <subfield code="a">Khan, Mad Sheer</subfield>
    </datafield>
    <datafield tag="245" ind1="0" ind2="0">
      <subfield code="a">1001 nights [hangdok.] /</subfield>
      <subfield code="c">Mad Sheer Khan</subfield>
    </datafield>
    <datafield tag="260" ind1=" " ind2=" ">
      <subfield code="a">Germany :</subfield>
      <subfield code="b">Detour :</subfield>
      <subfield code="b">Erato,</subfield>
      <subfield code="c">cop. 1999</subfield>
    </datafield>
    <datafield tag="300" ind1=" " ind2=" ">
      <subfield code="a">1 CD : sztereó ;</subfield>
      <subfield code="c">12 cm</subfield>
    </datafield>
    <datafield tag="650" ind1=" " ind2="4">
      <subfield code="a">megzenésített mese</subfield>
    </datafield>
    <datafield tag="852" ind1=" " ind2=" ">
      <subfield code="a">SZO1</subfield>
      <subfield code="b">SZO1</subfield>
      <subfield code="x">150323322</subfield>
    </datafield>
  </record>