
  <record>
    <leader>00692njm  2200205   4500</leader>
    <controlfield tag="001">MOKKAZ0004729078  </controlfield>
    <controlfield tag="005">20040910094904.0</controlfield>
    <controlfield tag="008">991029s1999                        ara d</controlfield>
    <datafield tag="028" ind1=" " ind2=" ">
      <subfield code="a">3984-27319-2</subfield>
    </datafield>
    <datafield tag="035" ind1=" " ind2=" ">
      <subfield code="a">bibFSZ849651</subfield>
    </datafield>
    <datafield tag="040" ind1=" " ind2=" ">
      <subfield code="a">FSZEK</subfield>
    </datafield>
    <datafield tag="041" ind1=" " ind2=" ">
      <subfield code="a">araafrhernavtibhinper</subfield>
    </datafield>
    <datafield tag="110" ind1="2" ind2=" ">
      <subfield code="a">Mad Sheer Khan</subfield>
    </datafield>
    <datafield tag="245" ind1="1" ind2="0">
      <subfield code="a">1001 nights</subfield>
      <subfield code="h">[Hangfelvétel] /</subfield>
      <subfield code="c">Mad Sheer Khan</subfield>
    </datafield>
    <datafield tag="260" ind1=" " ind2=" ">
      <subfield code="a">Paris :</subfield>
      <subfield code="b">Erato Disques,</subfield>
      <subfield code="c">cop. 1999</subfield>
    </datafield>
    <datafield tag="300" ind1=" " ind2=" ">
      <subfield code="a">1 CD (63 min 04 s) ;</subfield>
      <subfield code="c">12 cm +</subfield>
      <subfield code="e">1 füz.</subfield>
    </datafield>
    <datafield tag="505" ind1="0" ind2="0">
      <subfield code="t">Night of Algeria ;</subfield>
      <subfield code="t">Night of Gnawas ;</subfield>
      <subfield code="t">Night of Hebrews ;</subfield>
      <subfield code="t">Night of Navajos ;</subfield>
      <subfield code="t">Night of Tibet ;</subfield>
      <subfield code="t">Night of India ;</subfield>
      <subfield code="t">Night of Persia</subfield>
    </datafield>
    <datafield tag="695" ind1=" " ind2="1">
      <subfield code="a">világzene</subfield>
    </datafield>
    <datafield tag="695" ind1=" " ind2="1">
      <subfield code="a">folk</subfield>
    </datafield>
    <datafield tag="852" ind1=" " ind2=" ">
      <subfield code="a">B10</subfield>
      <subfield code="b">0601</subfield>
      <subfield code="x">bibFSZ849651</subfield>
    </datafield>
  </record>