
  <record>
    <leader>01382fam  2200397 i 4500</leader>
    <controlfield tag="001">MOKKAZ0006320429  </controlfield>
    <controlfield tag="005">20040915191258.0</controlfield>
    <controlfield tag="008">941109s1994    hu a          000 0 hun d</controlfield>
    <datafield tag="020" ind1=" " ind2=" ">
      <subfield code="a">963-434-051-2 (fűzött) :</subfield>
      <subfield code="c">398,- Ft</subfield>
    </datafield>
    <datafield tag="035" ind1=" " ind2=" ">
      <subfield code="a">99783</subfield>
    </datafield>
    <datafield tag="040" ind1=" " ind2=" ">
      <subfield code="a">OSZK</subfield>
    </datafield>
    <datafield tag="041" ind1="1" ind2=" ">
      <subfield code="a">hunhun</subfield>
      <subfield code="h">eng</subfield>
    </datafield>
    <datafield tag="100" ind1="1" ind2=" ">
      <subfield code="a">Krueger, Caryl W.</subfield>
    </datafield>
    <datafield tag="240" ind1="1" ind2="0">
      <subfield code="a">1001 things to do with your kids</subfield>
      <subfield code="l">(magyar)</subfield>
    </datafield>
    <datafield tag="245" ind1="1" ind2="0">
      <subfield code="a">1001 ötlet szülőknek /</subfield>
      <subfield code="c">Caryl W. Krueger ; [ford. Váradi Judit]</subfield>
    </datafield>
    <datafield tag="260" ind1=" " ind2=" ">
      <subfield code="a">[Debrecen] :</subfield>
      <subfield code="b">Lap-ics,</subfield>
      <subfield code="c">1994</subfield>
      <subfield code="e">([Debrecen]</subfield>
      <subfield code="f">Kinizsi)</subfield>
    </datafield>
    <datafield tag="300" ind1=" " ind2=" ">
      <subfield code="a">303 p. :</subfield>
      <subfield code="b">ill. ;</subfield>
      <subfield code="c">21 cm</subfield>
    </datafield>
    <datafield tag="650" ind1=" " ind2="4">
      <subfield code="a">Pszichológia</subfield>
    </datafield>
    <datafield tag="650" ind1=" " ind2="4">
      <subfield code="a">Lélektan</subfield>
    </datafield>
    <datafield tag="650" ind1=" " ind2="4">
      <subfield code="a">Gyermeklélektan</subfield>
    </datafield>
    <datafield tag="650" ind1=" " ind2="4">
      <subfield code="a">Családi nevelés</subfield>
    </datafield>
    <datafield tag="650" ind1=" " ind2="4">
      <subfield code="a">Gyermeknevelés</subfield>
    </datafield>
    <datafield tag="695" ind1=" " ind2=" ">
      <subfield code="a">Gyermeknevelés</subfield>
      <subfield code="x">tanácsok</subfield>
      <subfield code="x">ötletek</subfield>
    </datafield>
    <datafield tag="695" ind1=" " ind2=" ">
      <subfield code="a">Családpedagógia</subfield>
      <subfield code="x">tanácsok</subfield>
    </datafield>
    <datafield tag="695" ind1=" " ind2=" ">
      <subfield code="a">gyermekpszichológia</subfield>
    </datafield>
    <datafield tag="695" ind1=" " ind2=" ">
      <subfield code="a">nevelés</subfield>
    </datafield>
    <datafield tag="700" ind1="1" ind2=" ">
      <subfield code="a">Váradi Judit</subfield>
      <subfield code="4">(ford.)</subfield>
    </datafield>
    <datafield tag="852" ind1=" " ind2=" ">
      <subfield code="a">B1</subfield>
      <subfield code="b">B1</subfield>
      <subfield code="x">99783</subfield>
    </datafield>
    <datafield tag="852" ind1=" " ind2=" ">
      <subfield code="a">D1</subfield>
      <subfield code="b">D1</subfield>
      <subfield code="x">bibKLT00063463</subfield>
    </datafield>
    <datafield tag="852" ind1=" " ind2=" ">
      <subfield code="a">B10</subfield>
      <subfield code="B">1105</subfield>
      <subfield code="B">0305</subfield>
      <subfield code="B">0101</subfield>
      <subfield code="B">1201</subfield>
      <subfield code="B">1103</subfield>
      <subfield code="B">0307C</subfield>
      <subfield code="B">2201</subfield>
      <subfield code="B">2203</subfield>
      <subfield code="B">0302</subfield>
      <subfield code="B">0202</subfield>
      <subfield code="B">0801</subfield>
      <subfield code="B">1801</subfield>
      <subfield code="B">1803</subfield>
      <subfield code="B">1903</subfield>
      <subfield code="B">1802</subfield>
      <subfield code="B">1308</subfield>
      <subfield code="B">1302</subfield>
      <subfield code="B">1501</subfield>
      <subfield code="B">1004</subfield>
      <subfield code="B">1401</subfield>
      <subfield code="B">1404</subfield>
      <subfield code="B">1601</subfield>
      <subfield code="B">1602</subfield>
      <subfield code="B">1503</subfield>
      <subfield code="b">1504</subfield>
      <subfield code="x">bibFSZ00094664</subfield>
    </datafield>
    <datafield tag="852" ind1=" " ind2=" ">
      <subfield code="a">GY1</subfield>
      <subfield code="b">GY1</subfield>
      <subfield code="x">373660</subfield>
    </datafield>
    <datafield tag="852" ind1=" " ind2=" ">
      <subfield code="a">ST1</subfield>
      <subfield code="b">ST1</subfield>
      <subfield code="x">bibBBM87226</subfield>
    </datafield>
    <datafield tag="852" ind1=" " ind2=" ">
      <subfield code="a">SZK1</subfield>
      <subfield code="b">SZK1</subfield>
      <subfield code="x">bibTMK131542</subfield>
    </datafield>
    <datafield tag="852" ind1=" " ind2=" ">
      <subfield code="a">M2</subfield>
      <subfield code="b">M2</subfield>
      <subfield code="x">bibRFK00045745</subfield>
    </datafield>
    <datafield tag="852" ind1=" " ind2=" ">
      <subfield code="a">SZ1</subfield>
      <subfield code="b">J</subfield>
      <subfield code="x">bibJGYx68603</subfield>
    </datafield>
    <datafield tag="852" ind1=" " ind2=" ">
      <subfield code="a">S1</subfield>
      <subfield code="b">S1</subfield>
      <subfield code="x">bibSEF46481</subfield>
    </datafield>
  </record>