
  <record>
    <leader>00588nam  2200181  r4500</leader>
    <controlfield tag="001">MOKKAZ0004843386  </controlfield>
    <controlfield tag="005">20090703125548.0</controlfield>
    <controlfield tag="008">930119s1983    au                  ger d</controlfield>
    <datafield tag="020" ind1=" " ind2=" ">
      <subfield code="a">3 222 11488 9</subfield>
    </datafield>
    <datafield tag="035" ind1=" " ind2=" ">
      <subfield code="a">bibJPT00113733</subfield>
    </datafield>
    <datafield tag="040" ind1=" " ind2=" ">
      <subfield code="a">PTE</subfield>
    </datafield>
    <datafield tag="100" ind1="1" ind2=" ">
      <subfield code="a">Weigel, Hans</subfield>
      <subfield code="d">(1908-1991)</subfield>
      <subfield code="c">(osztrák író)</subfield>
    </datafield>
    <datafield tag="245" ind1="1" ind2="0">
      <subfield code="a">1001 Premiere. Hymnen und Verrisse. Bd. 1. Von Aischylos  bis Molière.</subfield>
    </datafield>
    <datafield tag="260" ind1=" " ind2=" ">
      <subfield code="a">Graz - Wien - Köln :</subfield>
      <subfield code="b">Styria,</subfield>
      <subfield code="c">1983</subfield>
    </datafield>
    <datafield tag="300" ind1=" " ind2=" ">
      <subfield code="a">415 p. ;</subfield>
      <subfield code="c">21 cm.</subfield>
    </datafield>
    <datafield tag="695" ind1=" " ind2=" ">
      <subfield code="a">Színházi kritika, osztrák, 1946-1963</subfield>
    </datafield>
    <datafield tag="695" ind1=" " ind2=" ">
      <subfield code="a">Színházművészet</subfield>
    </datafield>
    <datafield tag="852" ind1=" " ind2=" ">
      <subfield code="a">P1</subfield>
      <subfield code="b">P1/OB</subfield>
      <subfield code="x">bibJPT00113733</subfield>
    </datafield>
  </record>