
  <record>
    <leader>00992nam  2200277 ir4500</leader>
    <controlfield tag="001">MOKKAZ0003290045  </controlfield>
    <controlfield tag="005">20090703125549.0</controlfield>
    <controlfield tag="008">      m1983    au            00010 ger d</controlfield>
    <datafield tag="020" ind1=" " ind2=" ">
      <subfield code="a">3 222 11488 9 (1-2. Bd.)</subfield>
    </datafield>
    <datafield tag="035" ind1=" " ind2=" ">
      <subfield code="a">bibKLT00068047</subfield>
    </datafield>
    <datafield tag="040" ind1=" " ind2=" ">
      <subfield code="a">DEENK</subfield>
    </datafield>
    <datafield tag="100" ind1="1" ind2=" ">
      <subfield code="a">Weigel, Hans</subfield>
      <subfield code="d">(1908-1991)</subfield>
      <subfield code="c">(osztrák író)</subfield>
    </datafield>
    <datafield tag="245" ind1="1" ind2="0">
      <subfield code="a">1001 Premiere :</subfield>
      <subfield code="b">Hymnen und Verrisse /</subfield>
      <subfield code="c">Hans Weigel</subfield>
    </datafield>
    <datafield tag="260" ind1=" " ind2=" ">
      <subfield code="a">Graz ;</subfield>
      <subfield code="a">Wien ;</subfield>
      <subfield code="a">Köln :</subfield>
      <subfield code="b">Styria,</subfield>
      <subfield code="c">1983</subfield>
    </datafield>
    <datafield tag="300" ind1=" " ind2=" ">
      <subfield code="c">21 cm</subfield>
    </datafield>
    <datafield tag="490" ind1="1" ind2=" ">
      <subfield code="a">(Weigel für Anhänger)</subfield>
    </datafield>
    <datafield tag="500" ind1=" " ind2=" ">
      <subfield code="a">regiszter pp. 797-851.</subfield>
    </datafield>
    <datafield tag="650" ind1=" " ind2="4">
      <subfield code="a">Színház</subfield>
      <subfield code="z">Ausztria</subfield>
      <subfield code="x">recenziók</subfield>
    </datafield>
    <datafield tag="650" ind1=" " ind2="4">
      <subfield code="a">Színház</subfield>
      <subfield code="z">Ausztria</subfield>
      <subfield code="x">történet</subfield>
      <subfield code="y">20. század</subfield>
      <subfield code="x">források</subfield>
    </datafield>
    <datafield tag="650" ind1=" " ind2="0">
      <subfield code="a">Theater</subfield>
      <subfield code="z">Austria</subfield>
      <subfield code="x">Reviews.</subfield>
    </datafield>
    <datafield tag="650" ind1=" " ind2="0">
      <subfield code="a">Theater</subfield>
      <subfield code="z">Austria</subfield>
      <subfield code="x">History</subfield>
      <subfield code="y">20th century</subfield>
      <subfield code="x">Sources.</subfield>
    </datafield>
    <datafield tag="650" ind1=" " ind2="7">
      <subfield code="a">Színházi kritika</subfield>
      <subfield code="x">osztrák</subfield>
      <subfield code="y">1946-1963</subfield>
      <subfield code="2">szte</subfield>
    </datafield>
    <datafield tag="650" ind1=" " ind2="7">
      <subfield code="a">Színházművészet</subfield>
      <subfield code="x">osztrák</subfield>
      <subfield code="y">1946-1963</subfield>
      <subfield code="2">szte</subfield>
    </datafield>
    <datafield tag="830" ind1=" " ind2="0">
      <subfield code="a">Weigel für Anhänger</subfield>
    </datafield>
    <datafield tag="852" ind1=" " ind2=" ">
      <subfield code="a">D1</subfield>
      <subfield code="b">D1/OE</subfield>
      <subfield code="x">bibKLT00068047</subfield>
    </datafield>
    <datafield tag="852" ind1=" " ind2=" ">
      <subfield code="a">SZ1</subfield>
      <subfield code="b">SZ1</subfield>
      <subfield code="x">bibJAT00211087</subfield>
    </datafield>
  </record>