
  <record>
    <leader>00532aam  2200169  r4500</leader>
    <controlfield tag="001">MOKKAZ0003973995  </controlfield>
    <controlfield tag="005">20040910014552.0</controlfield>
    <controlfield tag="008">930119 1983    au                  ger  </controlfield>
    <datafield tag="035" ind1=" " ind2=" ">
      <subfield code="a">bibJAT00211086</subfield>
    </datafield>
    <datafield tag="040" ind1=" " ind2=" ">
      <subfield code="a">SZTE</subfield>
    </datafield>
    <datafield tag="100" ind1="1" ind2=" ">
      <subfield code="a">Weigel, Hans</subfield>
    </datafield>
    <datafield tag="245" ind1="1" ind2="0">
      <subfield code="a">1001 Premiere :</subfield>
      <subfield code="b">Hymnen und Verrisse /</subfield>
      <subfield code="c">Hans Weigel</subfield>
    </datafield>
    <datafield tag="260" ind1=" " ind2=" ">
      <subfield code="a">Graz ;</subfield>
      <subfield code="a">Wien ;</subfield>
      <subfield code="a">Köln :</subfield>
      <subfield code="b">Styria,</subfield>
      <subfield code="c">1983-</subfield>
    </datafield>
    <datafield tag="300" ind1=" " ind2=" ">
      <subfield code="c">21 cm</subfield>
    </datafield>
    <datafield tag="650" ind1=" " ind2="7">
      <subfield code="a">Színházi kritika</subfield>
      <subfield code="x">osztrák</subfield>
      <subfield code="y">1946-1963</subfield>
      <subfield code="2">szte</subfield>
    </datafield>
    <datafield tag="650" ind1=" " ind2="7">
      <subfield code="a">Színházművészet</subfield>
      <subfield code="x">osztrák</subfield>
      <subfield code="y">1946-1963</subfield>
      <subfield code="2">szte</subfield>
    </datafield>
    <datafield tag="852" ind1=" " ind2=" ">
      <subfield code="a">SZ1</subfield>
      <subfield code="b">SZ1</subfield>
      <subfield code="x">bibJAT00211086</subfield>
    </datafield>
  </record>