
  <record>
    <leader>01028cam  2200289 ir4500</leader>
    <controlfield tag="001">MOKKAN0004955465aa</controlfield>
    <controlfield tag="005">20071114062756.0</controlfield>
    <controlfield tag="008">      s19801985us       b      0   eng d</controlfield>
    <datafield tag="020" ind1=" " ind2=" ">
      <subfield code="a">0 8391 1607 1</subfield>
    </datafield>
    <datafield tag="035" ind1=" " ind2=" ">
      <subfield code="a">ISISDOT0004673</subfield>
    </datafield>
    <datafield tag="040" ind1=" " ind2=" ">
      <subfield code="a">DEENK</subfield>
    </datafield>
    <datafield tag="050" ind1="0" ind2=" ">
      <subfield code="a">RC78</subfield>
      <subfield code="b">.B393</subfield>
    </datafield>
    <datafield tag="060" ind1=" " ind2=" ">
      <subfield code="a">WN 18</subfield>
    </datafield>
    <datafield tag="082" ind1="0" ind2=" ">
      <subfield code="a">616.07/57/076</subfield>
      <subfield code="2">19</subfield>
    </datafield>
    <datafield tag="100" ind1="1" ind2=" ">
      <subfield code="a">Bell, Roy</subfield>
      <subfield code="d">(1930-)</subfield>
    </datafield>
    <datafield tag="245" ind1="1" ind2="0">
      <subfield code="a">1001 questions about radiologic technology /</subfield>
      <subfield code="c">Roy Bell</subfield>
    </datafield>
    <datafield tag="260" ind1=" " ind2=" ">
      <subfield code="a">Rockville ;</subfield>
      <subfield code="a">Baltimore :</subfield>
      <subfield code="b">Aspen :</subfield>
      <subfield code="b">University Park Press,</subfield>
      <subfield code="c">1980-1985.</subfield>
    </datafield>
    <datafield tag="300" ind1=" " ind2=" ">
      <subfield code="a">3 db ;</subfield>
      <subfield code="c">23 cm</subfield>
    </datafield>
    <datafield tag="504" ind1=" " ind2=" ">
      <subfield code="a">Bibliográfiát tartalmaz</subfield>
    </datafield>
    <datafield tag="650" ind1=" " ind2="2">
      <subfield code="a">Radiography</subfield>
      <subfield code="x">methods</subfield>
    </datafield>
    <datafield tag="650" ind1=" " ind2="2">
      <subfield code="a">Radiography</subfield>
      <subfield code="x">education</subfield>
    </datafield>
    <datafield tag="650" ind1=" " ind2="2">
      <subfield code="a">Technology, Radiologic</subfield>
      <subfield code="x">examination questions</subfield>
    </datafield>
    <datafield tag="650" ind1=" " ind2="4">
      <subfield code="a">Radiológia, orvosi</subfield>
      <subfield code="x">vizsgák, kérdések stb.</subfield>
    </datafield>
    <datafield tag="650" ind1=" " ind2="4">
      <subfield code="a">Orvosi technológia</subfield>
      <subfield code="x">vizsgék, kérdések stb.</subfield>
    </datafield>
    <datafield tag="650" ind1=" " ind2="0">
      <subfield code="a">Radiography, Medical</subfield>
      <subfield code="x">Examintaions, questions, etc.</subfield>
    </datafield>
    <datafield tag="650" ind1=" " ind2="0">
      <subfield code="a">Medical technology</subfield>
      <subfield code="x">Examinations, questions, etc.</subfield>
    </datafield>
    <datafield tag="852" ind1=" " ind2=" ">
      <subfield code="a">D1</subfield>
      <subfield code="B">D2</subfield>
      <subfield code="B">D2/PO</subfield>
      <subfield code="B">D2/RK</subfield>
      <subfield code="b">D2/35</subfield>
      <subfield code="x">ISISDOT0004673</subfield>
    </datafield>
  </record>