
  <record>
    <leader>00616cam  2200181  r4500</leader>
    <controlfield tag="001">MOKKAZ0003764162  </controlfield>
    <controlfield tag="005">20090505174956.0</controlfield>
    <controlfield tag="008">       19801985us                  eng  </controlfield>
    <datafield tag="035" ind1=" " ind2=" ">
      <subfield code="a">ISISDOT0004673</subfield>
    </datafield>
    <datafield tag="040" ind1=" " ind2=" ">
      <subfield code="a">DEENK</subfield>
    </datafield>
    <datafield tag="100" ind1="1" ind2=" ">
      <subfield code="a">Bell, Roy</subfield>
      <subfield code="d">(1930-)</subfield>
    </datafield>
    <datafield tag="245" ind1="1" ind2="0">
      <subfield code="a">1001 questions about radiologic technology /</subfield>
      <subfield code="c">Roy Bell</subfield>
    </datafield>
    <datafield tag="260" ind1=" " ind2=" ">
      <subfield code="a">Rockville ;</subfield>
      <subfield code="a">Baltimore :</subfield>
      <subfield code="b">Aspen :</subfield>
      <subfield code="b">University Park Press,</subfield>
      <subfield code="c">1980-1985.</subfield>
    </datafield>
    <datafield tag="300" ind1=" " ind2=" ">
      <subfield code="a">3 db ;</subfield>
      <subfield code="c">23 cm</subfield>
    </datafield>
    <datafield tag="650" ind1=" " ind2="2">
      <subfield code="a">Radiography</subfield>
      <subfield code="x">methods</subfield>
    </datafield>
    <datafield tag="650" ind1=" " ind2="2">
      <subfield code="a">Radiography</subfield>
      <subfield code="x">education</subfield>
    </datafield>
    <datafield tag="650" ind1=" " ind2="2">
      <subfield code="a">Technology, Radiologic</subfield>
      <subfield code="x">examination questions</subfield>
    </datafield>
    <datafield tag="852" ind1=" " ind2=" ">
      <subfield code="a">D1</subfield>
      <subfield code="b">D2</subfield>
      <subfield code="b">D2/35</subfield>
      <subfield code="b">D2</subfield>
      <subfield code="b">D2/PO</subfield>
      <subfield code="b">D2/RK</subfield>
      <subfield code="x">ISISDOT0004673</subfield>
    </datafield>
  </record>