
  <record>
    <leader>00885cam  2200253 i 4500</leader>
    <controlfield tag="001">MOKKAZ0003764221  </controlfield>
    <controlfield tag="005">20071114073515.0</controlfield>
    <controlfield tag="008">      s1982    us              0   eng d</controlfield>
    <datafield tag="020" ind1=" " ind2=" ">
      <subfield code="a">0 8391 1749 3</subfield>
    </datafield>
    <datafield tag="035" ind1=" " ind2=" ">
      <subfield code="a">ISISDOT0004737</subfield>
    </datafield>
    <datafield tag="040" ind1=" " ind2=" ">
      <subfield code="a">DEENK</subfield>
    </datafield>
    <datafield tag="041" ind1="0" ind2=" ">
      <subfield code="a">eng</subfield>
    </datafield>
    <datafield tag="050" ind1=" " ind2=" ">
      <subfield code="a">RC78.7.U4</subfield>
    </datafield>
    <datafield tag="060" ind1=" " ind2=" ">
      <subfield code="a">WB18</subfield>
    </datafield>
    <datafield tag="100" ind1="1" ind2=" ">
      <subfield code="a">Bell, Roy</subfield>
      <subfield code="d">(1930-)</subfield>
    </datafield>
    <datafield tag="245" ind1="1" ind2="0">
      <subfield code="a">1001 questions about diagnostic medical sonography /</subfield>
      <subfield code="c">Roy Bell, Deborah L. Brown Backo</subfield>
    </datafield>
    <datafield tag="260" ind1=" " ind2=" ">
      <subfield code="a">Baltimore :</subfield>
      <subfield code="b">University Park Press,</subfield>
      <subfield code="c">1982</subfield>
    </datafield>
    <datafield tag="300" ind1=" " ind2=" ">
      <subfield code="a">VII, 152 p ;</subfield>
      <subfield code="c">25 cm</subfield>
    </datafield>
    <datafield tag="650" ind1=" " ind2="2">
      <subfield code="a">Ultrasonics</subfield>
      <subfield code="x">diagnostic use</subfield>
      <subfield code="v">Examination Questions</subfield>
    </datafield>
    <datafield tag="650" ind1=" " ind2="4">
      <subfield code="a">Diagnózis, ultrahang</subfield>
      <subfield code="x">vizsgák, kérdések stb.</subfield>
    </datafield>
    <datafield tag="650" ind1=" " ind2="0">
      <subfield code="a">Diagnosis, Ultrasonic</subfield>
      <subfield code="x">Examinations, questions, etc.</subfield>
    </datafield>
    <datafield tag="650" ind1=" " ind2="2">
      <subfield code="a">Ultrasonics</subfield>
      <subfield code="x">diagnostic use</subfield>
      <subfield code="x">examination questions</subfield>
    </datafield>
    <datafield tag="700" ind1="2" ind2=" ">
      <subfield code="a">Brown Backo, Deborah L.</subfield>
    </datafield>
    <datafield tag="852" ind1=" " ind2=" ">
      <subfield code="a">D1</subfield>
      <subfield code="B">D2/RK</subfield>
      <subfield code="B">D2/PO</subfield>
      <subfield code="b">D2/35</subfield>
      <subfield code="x">ISISDOT0004737</subfield>
    </datafield>
  </record>