
  <record>
    <leader>01061pam  2200301 a 4500</leader>
    <controlfield tag="001">MOKKAZ0003765051  </controlfield>
    <controlfield tag="003">OCoLC</controlfield>
    <controlfield tag="005">20090805150836.0</controlfield>
    <controlfield tag="008">820506s1982    mdu      b    000 0 eng  </controlfield>
    <datafield tag="010" ind1=" " ind2=" ">
      <subfield code="a">   82008364</subfield>
    </datafield>
    <datafield tag="020" ind1=" " ind2=" ">
      <subfield code="a">0839117566</subfield>
    </datafield>
    <datafield tag="035" ind1=" " ind2=" ">
      <subfield code="a">ocm08475475</subfield>
    </datafield>
    <datafield tag="040" ind1=" " ind2=" ">
      <subfield code="a">DEENK</subfield>
    </datafield>
    <datafield tag="050" ind1="1" ind2=" ">
      <subfield code="a">R896</subfield>
      <subfield code="b">.B44 1982</subfield>
    </datafield>
    <datafield tag="060" ind1=" " ind2=" ">
      <subfield code="a">WN 18 B435z</subfield>
    </datafield>
    <datafield tag="082" ind1="0" ind2=" ">
      <subfield code="a">616.07/57</subfield>
      <subfield code="2">19</subfield>
    </datafield>
    <datafield tag="100" ind1="1" ind2=" ">
      <subfield code="a">Bell, Roy</subfield>
      <subfield code="d">(1930-)</subfield>
    </datafield>
    <datafield tag="245" ind1="1" ind2="0">
      <subfield code="a">1001 questions about nuclear medicine technology /</subfield>
      <subfield code="c">Roy Bell and John E. Rapp</subfield>
    </datafield>
    <datafield tag="260" ind1=" " ind2=" ">
      <subfield code="a">Baltimore, Md. :</subfield>
      <subfield code="b">University Park Press,</subfield>
      <subfield code="c">c1982.</subfield>
    </datafield>
    <datafield tag="300" ind1=" " ind2=" ">
      <subfield code="a">vii, 162 p. ;</subfield>
      <subfield code="c">23 cm</subfield>
    </datafield>
    <datafield tag="504" ind1=" " ind2=" ">
      <subfield code="a">Bibliography: p. 153-155.</subfield>
    </datafield>
    <datafield tag="650" ind1=" " ind2="2">
      <subfield code="a">Nuclear Medicine</subfield>
      <subfield code="x">examination questions</subfield>
    </datafield>
    <datafield tag="650" ind1=" " ind2="7">
      <subfield code="a">Izotóptechnika</subfield>
      <subfield code="x">orvostudomány</subfield>
      <subfield code="x">kérdés-felelet</subfield>
      <subfield code="2">szte</subfield>
    </datafield>
    <datafield tag="650" ind1=" " ind2="7">
      <subfield code="a">Izotóptechnika</subfield>
      <subfield code="x">orvostudomány</subfield>
      <subfield code="x">kérdés-felelet</subfield>
    </datafield>
    <datafield tag="700" ind1="1" ind2=" ">
      <subfield code="a">Rapp, John E.</subfield>
    </datafield>
    <datafield tag="740" ind1="0" ind2="1">
      <subfield code="a">One thousand one questions about nuclear medicine technology</subfield>
    </datafield>
    <datafield tag="852" ind1=" " ind2=" ">
      <subfield code="a">D1</subfield>
      <subfield code="b">D2</subfield>
      <subfield code="x">ocm08475475</subfield>
    </datafield>
    <datafield tag="852" ind1=" " ind2=" ">
      <subfield code="a">SZ1</subfield>
      <subfield code="b">SZ2/33</subfield>
      <subfield code="b">SZ2/15</subfield>
      <subfield code="b">SZ2/4</subfield>
      <subfield code="b">SZ1/R2</subfield>
      <subfield code="b">SZ2/41</subfield>
      <subfield code="b">SZ2/55</subfield>
      <subfield code="b">SZ2/11</subfield>
      <subfield code="b">SZ1/L4</subfield>
      <subfield code="x">bibSZO00013834</subfield>
    </datafield>
  </record>