
  <record>
    <leader>00545cam  2200193 ar4500</leader>
    <controlfield tag="001">MOKKAZ0005376879  </controlfield>
    <controlfield tag="005">20040910174732.0</controlfield>
    <controlfield tag="008">981118c        ohu           00010 eng d</controlfield>
    <datafield tag="020" ind1=" " ind2=" ">
      <subfield code="a">0-8391-2086-9</subfield>
    </datafield>
    <datafield tag="035" ind1=" " ind2=" ">
      <subfield code="a">22890</subfield>
    </datafield>
    <datafield tag="040" ind1=" " ind2=" ">
      <subfield code="a">SEKK</subfield>
    </datafield>
    <datafield tag="041" ind1="0" ind2=" ">
      <subfield code="a">eng</subfield>
    </datafield>
    <datafield tag="100" ind1="1" ind2="0">
      <subfield code="a">Bell, Roy</subfield>
    </datafield>
    <datafield tag="245" ind1="1" ind2="0">
      <subfield code="a">1001 questions about radiologic technology</subfield>
      <subfield code="b">/</subfield>
      <subfield code="c">Roy Bell</subfield>
    </datafield>
    <datafield tag="260" ind1="0" ind2="0">
      <subfield code="a">Baltimore :</subfield>
      <subfield code="b">University Park Press,</subfield>
      <subfield code="c">1985.</subfield>
    </datafield>
    <datafield tag="300" ind1=" " ind2=" ">
      <subfield code="a">(1 db.) ;</subfield>
      <subfield code="c">23 cm.</subfield>
    </datafield>
    <datafield tag="650" ind1="1" ind2="4">
      <subfield code="a">Radiology</subfield>
      <subfield code="x">Technology, medical</subfield>
    </datafield>
    <datafield tag="650" ind1="1" ind2="4">
      <subfield code="a">Radiológia</subfield>
      <subfield code="x">Orvostechnika</subfield>
    </datafield>
    <datafield tag="852" ind1=" " ind2=" ">
      <subfield code="a">B13</subfield>
      <subfield code="b">B13</subfield>
      <subfield code="x">22890</subfield>
    </datafield>
  </record>