
  <record>
    <leader>00805cam  2200241  r4500</leader>
    <controlfield tag="001">MOKKAZ0003764222  </controlfield>
    <controlfield tag="005">20090806124008.0</controlfield>
    <controlfield tag="008">       1985                             </controlfield>
    <datafield tag="035" ind1=" " ind2=" ">
      <subfield code="a">ISISDOT0004738</subfield>
    </datafield>
    <datafield tag="040" ind1=" " ind2=" ">
      <subfield code="a">DEENK</subfield>
    </datafield>
    <datafield tag="080" ind1=" " ind2=" ">
      <subfield code="a">615.849</subfield>
    </datafield>
    <datafield tag="100" ind1="1" ind2=" ">
      <subfield code="a">Bell, Roy</subfield>
      <subfield code="d">(1930-)</subfield>
    </datafield>
    <datafield tag="245" ind1="0" ind2="0">
      <subfield code="a">1001 questions about radiologic technology /</subfield>
      <subfield code="c">Roy Bell</subfield>
    </datafield>
    <datafield tag="260" ind1=" " ind2=" ">
      <subfield code="a">Baltimore :</subfield>
      <subfield code="b">University Park Pres,</subfield>
      <subfield code="c">1985</subfield>
    </datafield>
    <datafield tag="650" ind1=" " ind2="2">
      <subfield code="a">Technology, Radiologic</subfield>
      <subfield code="x">examination questions</subfield>
    </datafield>
    <datafield tag="650" ind1=" " ind2="7">
      <subfield code="a">Radiológia</subfield>
    </datafield>
    <datafield tag="650" ind1=" " ind2="7">
      <subfield code="a">Radiológia</subfield>
      <subfield code="x">diagnosztika</subfield>
    </datafield>
    <datafield tag="650" ind1=" " ind2="7">
      <subfield code="a">Röntgendiagnosztika</subfield>
    </datafield>
    <datafield tag="650" ind1=" " ind2="7">
      <subfield code="a">Radiológia</subfield>
      <subfield code="x">röntgendiagnosztika</subfield>
    </datafield>
    <datafield tag="650" ind1=" " ind2="7">
      <subfield code="a">Radiológia</subfield>
      <subfield code="x">műszerek</subfield>
    </datafield>
    <datafield tag="650" ind1=" " ind2="7">
      <subfield code="a">Röntgen-készülékek</subfield>
    </datafield>
    <datafield tag="852" ind1=" " ind2=" ">
      <subfield code="a">D1</subfield>
      <subfield code="B">D2</subfield>
      <subfield code="b">D2/35</subfield>
      <subfield code="x">ISISDOT0004738</subfield>
    </datafield>
    <datafield tag="852" ind1=" " ind2=" ">
      <subfield code="a">SZ1</subfield>
      <subfield code="b">SZ2/33</subfield>
      <subfield code="b">SZ2/21</subfield>
      <subfield code="b">SZ2/11</subfield>
      <subfield code="b">SZ2/15</subfield>
      <subfield code="b">SZ2/4</subfield>
      <subfield code="b">SZ1/R2</subfield>
      <subfield code="x">bibSZO00012171</subfield>
    </datafield>
  </record>