
  <record>
    <leader>00448nam  2200157 i 4500</leader>
    <controlfield tag="001">MOKKAN0004693355  </controlfield>
    <controlfield tag="005">20070703004146.0</controlfield>
    <controlfield tag="008">950515s1963                 u    j eng d</controlfield>
    <datafield tag="035" ind1=" " ind2=" ">
      <subfield code="a">KÉE40515</subfield>
    </datafield>
    <datafield tag="040" ind1=" " ind2=" ">
      <subfield code="a">BCEEFK</subfield>
    </datafield>
    <datafield tag="041" ind1="0" ind2=" ">
      <subfield code="a">eng</subfield>
    </datafield>
    <datafield tag="245" ind1="1" ind2="0">
      <subfield code="a">1001 questions answered about flowers /</subfield>
      <subfield code="c">ed. by Taylor Norman</subfield>
    </datafield>
    <datafield tag="260" ind1=" " ind2=" ">
      <subfield code="a">New York :</subfield>
      <subfield code="b">Dodd, Mead and Co.,</subfield>
      <subfield code="c">1963</subfield>
    </datafield>
    <datafield tag="300" ind1=" " ind2=" ">
      <subfield code="a">335 p., 8 t.</subfield>
    </datafield>
    <datafield tag="700" ind1="1" ind2=" ">
      <subfield code="a">Norman, Taylor</subfield>
      <subfield code="4">(szerk.)</subfield>
    </datafield>
    <datafield tag="852" ind1=" " ind2=" ">
      <subfield code="a">B503</subfield>
      <subfield code="b">B503</subfield>
      <subfield code="x">KÉE40515</subfield>
    </datafield>
  </record>