
  <record>
    <leader>00464nam  2200169 i 4500</leader>
    <controlfield tag="001">MOKKAS0003404611  </controlfield>
    <controlfield tag="005">20060604080913.0</controlfield>
    <controlfield tag="008">050713s1959                        eng d</controlfield>
    <datafield tag="035" ind1=" " ind2=" ">
      <subfield code="a">216713</subfield>
    </datafield>
    <datafield tag="040" ind1=" " ind2=" ">
      <subfield code="a">OIK</subfield>
    </datafield>
    <datafield tag="041" ind1="0" ind2=" ">
      <subfield code="a">eng</subfield>
    </datafield>
    <datafield tag="100" ind1="1" ind2=" ">
      <subfield code="a">Woodbury, David O.</subfield>
    </datafield>
    <datafield tag="245" ind1="1" ind2="0">
      <subfield code="a">1001 questions answered about the new science /</subfield>
      <subfield code="c">David O. Woodbury</subfield>
    </datafield>
    <datafield tag="260" ind1=" " ind2=" ">
      <subfield code="a">London :</subfield>
      <subfield code="b">George G. Harrap and Co.,</subfield>
      <subfield code="c">1959</subfield>
    </datafield>
    <datafield tag="300" ind1=" " ind2=" ">
      <subfield code="a">313 p.</subfield>
    </datafield>
    <datafield tag="650" ind1=" " ind2="4">
      <subfield code="a">Angol nyelven</subfield>
    </datafield>
    <datafield tag="852" ind1=" " ind2=" ">
      <subfield code="a">B14</subfield>
      <subfield code="b">B14</subfield>
      <subfield code="x">216713</subfield>
    </datafield>
  </record>