
  <record>
    <leader>00790fam  2200241 i 4500</leader>
    <controlfield tag="001">MOKKAZ0006381079  </controlfield>
    <controlfield tag="005">20040915195631.0</controlfield>
    <controlfield tag="008">990713t19991999hu a          000 0 hun d</controlfield>
    <datafield tag="020" ind1=" " ind2=" ">
      <subfield code="a">963-85939-7-0 (fűzött)</subfield>
    </datafield>
    <datafield tag="035" ind1=" " ind2=" ">
      <subfield code="a">371424</subfield>
    </datafield>
    <datafield tag="040" ind1=" " ind2=" ">
      <subfield code="a">OSZK</subfield>
    </datafield>
    <datafield tag="041" ind1="0" ind2=" ">
      <subfield code="a">hunhun</subfield>
    </datafield>
    <datafield tag="245" ind1="0" ind2="0">
      <subfield code="a">1001 quiz kérdés : </subfield>
      <subfield code="b">műveltség teszt /</subfield>
      <subfield code="c">[szerk. Damásdi Ildikó, Szöllősi Péter]</subfield>
    </datafield>
    <datafield tag="260" ind1=" " ind2=" ">
      <subfield code="a">[Kecskemét] :</subfield>
      <subfield code="b">Vagabund,</subfield>
      <subfield code="c">cop. 1999</subfield>
      <subfield code="e">([S.l.]</subfield>
      <subfield code="f">Regál BT)</subfield>
    </datafield>
    <datafield tag="300" ind1=" " ind2=" ">
      <subfield code="a">141 p. :</subfield>
      <subfield code="b">ill. ;</subfield>
      <subfield code="c">20 cm</subfield>
    </datafield>
    <datafield tag="650" ind1=" " ind2="4">
      <subfield code="a">általános műveltség</subfield>
    </datafield>
    <datafield tag="650" ind1=" " ind2="4">
      <subfield code="a">Játék, szellemi</subfield>
    </datafield>
    <datafield tag="700" ind1="1" ind2=" ">
      <subfield code="a">Damásdi Ildikó</subfield>
      <subfield code="4">(szerk.)</subfield>
    </datafield>
    <datafield tag="700" ind1="1" ind2=" ">
      <subfield code="a">Szöllősi Péter</subfield>
      <subfield code="4">(szerk.)</subfield>
    </datafield>
    <datafield tag="852" ind1=" " ind2=" ">
      <subfield code="a">B1</subfield>
      <subfield code="b">B1</subfield>
      <subfield code="x">371424</subfield>
    </datafield>
    <datafield tag="852" ind1=" " ind2=" ">
      <subfield code="a">B10</subfield>
      <subfield code="B">0204</subfield>
      <subfield code="B">0307C</subfield>
      <subfield code="b">0801</subfield>
      <subfield code="x">bibFSZ00188526</subfield>
    </datafield>
    <datafield tag="852" ind1=" " ind2=" ">
      <subfield code="a">BCS1</subfield>
      <subfield code="b">BCS1</subfield>
      <subfield code="x">bibBKO00226915</subfield>
    </datafield>
    <datafield tag="852" ind1=" " ind2=" ">
      <subfield code="a">H1</subfield>
      <subfield code="b">H1</subfield>
      <subfield code="x">NLVK92315</subfield>
    </datafield>
  </record>