
  <record>
    <leader>00662aam  2200217   4500</leader>
    <controlfield tag="001">MOKKAS0002472507  </controlfield>
    <controlfield tag="005">20060617223702.0</controlfield>
    <controlfield tag="008">951212 1986                        eng  </controlfield>
    <datafield tag="020" ind1=" " ind2=" ">
      <subfield code="a">048625021</subfield>
    </datafield>
    <datafield tag="035" ind1=" " ind2=" ">
      <subfield code="a">bibMIF00010199</subfield>
    </datafield>
    <datafield tag="040" ind1=" " ind2=" ">
      <subfield code="a">MOME</subfield>
    </datafield>
    <datafield tag="242" ind1=" " ind2=" ">
      <subfield code="a">1001 újságrajz a huszas évekből</subfield>
    </datafield>
    <datafield tag="245" ind1="0" ind2="0">
      <subfield code="a">1001 spot illustrations of the lively twenties /</subfield>
      <subfield code="c">Ed.by Carol Belanger Grafton</subfield>
    </datafield>
    <datafield tag="260" ind1=" " ind2=" ">
      <subfield code="a">New York :</subfield>
      <subfield code="b">Dover Publ.,</subfield>
      <subfield code="c">1986</subfield>
    </datafield>
    <datafield tag="300" ind1=" " ind2=" ">
      <subfield code="a">123 p.</subfield>
      <subfield code="b">ill.</subfield>
    </datafield>
    <datafield tag="490" ind1="1" ind2=" ">
      <subfield code="a">(Dover pictorial archive)</subfield>
    </datafield>
    <datafield tag="500" ind1=" " ind2=" ">
      <subfield code="a">1009 rajz</subfield>
    </datafield>
    <datafield tag="695" ind1=" " ind2=" ">
      <subfield code="a">illusztráció</subfield>
    </datafield>
    <datafield tag="700" ind1="1" ind2=" ">
      <subfield code="a">Belenger Grafton, Carol</subfield>
    </datafield>
    <datafield tag="830" ind1=" " ind2=" ">
      <subfield code="a">Dover pictorial archive</subfield>
    </datafield>
    <datafield tag="852" ind1=" " ind2=" ">
      <subfield code="a">B646</subfield>
      <subfield code="b">B646</subfield>
      <subfield code="x">bibMIF00010199</subfield>
    </datafield>
  </record>