
  <record>
    <leader>00662nam  2200193 i 4500</leader>
    <controlfield tag="001">MOKKAS0001271760  </controlfield>
    <controlfield tag="005">20060112183502.0</controlfield>
    <controlfield tag="008">      s1976    hu            00010 hun d</controlfield>
    <datafield tag="020" ind1=" " ind2=" ">
      <subfield code="a">963-253-518-9 :</subfield>
      <subfield code="c">62,- Ft</subfield>
    </datafield>
    <datafield tag="035" ind1=" " ind2=" ">
      <subfield code="a">bibRFK00103494</subfield>
    </datafield>
    <datafield tag="040" ind1=" " ind2=" ">
      <subfield code="a">RFMK</subfield>
    </datafield>
    <datafield tag="041" ind1=" " ind2=" ">
      <subfield code="a">hun</subfield>
    </datafield>
    <datafield tag="100" ind1="1" ind2=" ">
      <subfield code="a">Szepesi György</subfield>
      <subfield code="d">(1922)</subfield>
    </datafield>
    <datafield tag="245" ind1="1" ind2="0">
      <subfield code="a">100+1 :</subfield>
      <subfield code="b">A magyar olimpiai aranyérmek története : 1896-1972 /</subfield>
      <subfield code="c">Lukács László, Szepesi György</subfield>
    </datafield>
    <datafield tag="260" ind1=" " ind2=" ">
      <subfield code="a">Budapest :</subfield>
      <subfield code="b">Sport,</subfield>
      <subfield code="c">1976</subfield>
      <subfield code="e">(Gyoma :</subfield>
      <subfield code="f">Kner Ny. ;</subfield>
      <subfield code="e">Budapest :</subfield>
      <subfield code="f">Offset és J. Ny.)</subfield>
    </datafield>
    <datafield tag="300" ind1=" " ind2=" ">
      <subfield code="a">196 l., 18 t.l. :</subfield>
      <subfield code="b">ill. ;</subfield>
      <subfield code="c">22x24 cm</subfield>
    </datafield>
    <datafield tag="504" ind1=" " ind2=" ">
      <subfield code="a">24600</subfield>
    </datafield>
    <datafield tag="700" ind1="1" ind2=" ">
      <subfield code="a">Lukács László</subfield>
      <subfield code="d">(1906-1944)</subfield>
    </datafield>
    <datafield tag="852" ind1=" " ind2=" ">
      <subfield code="a">M2</subfield>
      <subfield code="b">M2</subfield>
      <subfield code="x">bibRFK00103494</subfield>
    </datafield>
  </record>