
  <record>
    <leader>00581nmm  2200205 r 4500</leader>
    <controlfield tag="001">MOKKAW0005968173  </controlfield>
    <controlfield tag="005">20080828170514.0</controlfield>
    <controlfield tag="008">061103c2006    hu         j        hun 1</controlfield>
    <datafield tag="035" ind1=" " ind2=" ">
      <subfield code="a">MEK-04224</subfield>
    </datafield>
    <datafield tag="040" ind1=" " ind2=" ">
      <subfield code="a">MEK</subfield>
    </datafield>
    <datafield tag="100" ind1="1" ind2="0">
      <subfield code="a">Pável István</subfield>
    </datafield>
    <datafield tag="245" ind1="1" ind2="0">
      <subfield code="a">1001 szilánk</subfield>
      <subfield code="c">Pável István ; közrem. Szojka Emese</subfield>
    </datafield>
    <datafield tag="260" ind1="0" ind2=" ">
      <subfield code="c">2006</subfield>
    </datafield>
    <datafield tag="500" ind1=" " ind2=" ">
      <subfield code="a">vers(ek)</subfield>
    </datafield>
    <datafield tag="650" ind1=" " ind2=" ">
      <subfield code="a">Kortárs magyar irodalom</subfield>
    </datafield>
    <datafield tag="650" ind1=" " ind2=" ">
      <subfield code="a">magyar irodalom</subfield>
      <subfield code="d">20-21. sz.</subfield>
    </datafield>
    <datafield tag="700" ind1="1" ind2="1">
      <subfield code="a">Szojka Emese</subfield>
      <subfield code="4">közrem.</subfield>
    </datafield>
    <datafield tag="852" ind1=" " ind2=" ">
      <subfield code="a">B1</subfield>
      <subfield code="b">B1/2</subfield>
      <subfield code="x">MEK-04224</subfield>
    </datafield>
    <datafield tag="856" ind1="4" ind2=" ">
      <subfield code="u">http://mek.oszk.hu/04200/04224</subfield>
      <subfield code="x">MEK</subfield>
    </datafield>
    <datafield tag="856" ind1="4" ind2=" ">
      <subfield code="u">urn:nbn:hu-6220</subfield>
      <subfield code="x">MEK</subfield>
    </datafield>
  </record>