
  <record>
    <leader>00418nam  2200145 i 4500</leader>
    <controlfield tag="001">MOKKAS0003241006  </controlfield>
    <controlfield tag="005">20060601134836.0</controlfield>
    <controlfield tag="008">050101s1988                            d</controlfield>
    <datafield tag="035" ind1=" " ind2=" ">
      <subfield code="a">136221</subfield>
    </datafield>
    <datafield tag="040" ind1=" " ind2=" ">
      <subfield code="a">KKMK</subfield>
    </datafield>
    <datafield tag="100" ind1="1" ind2=" ">
      <subfield code="a">Mészáros Ferenc</subfield>
      <subfield code="d">(1920-)</subfield>
    </datafield>
    <datafield tag="245" ind1="1" ind2="0">
      <subfield code="a">1001 tanács autósoknak /</subfield>
      <subfield code="c">Mészáros Ferenc</subfield>
    </datafield>
    <datafield tag="260" ind1=" " ind2=" ">
      <subfield code="a">Budapest :</subfield>
      <subfield code="b">Műszaki Könyvkiadó,</subfield>
      <subfield code="c">1988</subfield>
    </datafield>
    <datafield tag="300" ind1=" " ind2=" ">
      <subfield code="a">189 p. :</subfield>
      <subfield code="b">ill. ;</subfield>
      <subfield code="c">24 cm</subfield>
    </datafield>
    <datafield tag="852" ind1=" " ind2=" ">
      <subfield code="a">GY1</subfield>
      <subfield code="b">GY1</subfield>
      <subfield code="x">136221</subfield>
    </datafield>
  </record>