
  <record>
    <leader>00597nama 22001931i 4500</leader>
    <controlfield tag="001">MOKKAS0000793109  </controlfield>
    <controlfield tag="005">20060617003333.0</controlfield>
    <controlfield tag="008">041124s1925    hu            000 0 hunod</controlfield>
    <datafield tag="035" ind1=" " ind2=" ">
      <subfield code="a">1552340</subfield>
    </datafield>
    <datafield tag="040" ind1=" " ind2=" ">
      <subfield code="a">OSZK</subfield>
    </datafield>
    <datafield tag="041" ind1="1" ind2=" ">
      <subfield code="a">hunhun</subfield>
      <subfield code="h">und</subfield>
    </datafield>
    <datafield tag="100" ind1="1" ind2=" ">
      <subfield code="a">Heller, Frank</subfield>
    </datafield>
    <datafield tag="245" ind1="1" ind2="0">
      <subfield code="a">1002 éjszaka : </subfield>
      <subfield code="b">regény /</subfield>
      <subfield code="c">Frank Heller ; ford. Ujhelyi Nándor</subfield>
    </datafield>
    <datafield tag="260" ind1=" " ind2=" ">
      <subfield code="a">Budapest :</subfield>
      <subfield code="b">Légrády,</subfield>
      <subfield code="c">1925</subfield>
    </datafield>
    <datafield tag="300" ind1=" " ind2=" ">
      <subfield code="a">305 p. ;</subfield>
      <subfield code="c">17 cm</subfield>
    </datafield>
    <datafield tag="490" ind1="1" ind2=" ">
      <subfield code="a">Külföldi írók regénytára</subfield>
      <subfield code="n">B. sorozat</subfield>
      <subfield code="v">6.</subfield>
    </datafield>
    <datafield tag="700" ind1="1" ind2=" ">
      <subfield code="a">Ujhelyi Nándor</subfield>
      <subfield code="d">(1888-1933)</subfield>
      <subfield code="4">(ford.)</subfield>
    </datafield>
    <datafield tag="830" ind1=" " ind2="0">
      <subfield code="a">Külföldi írók regénytára</subfield>
    </datafield>
    <datafield tag="852" ind1=" " ind2=" ">
      <subfield code="a">B1</subfield>
      <subfield code="b">B1</subfield>
      <subfield code="x">1552340</subfield>
    </datafield>
  </record>