
  <record>
    <leader>00774nam  2200217 i 4500</leader>
    <controlfield tag="001">MOKKAW0005665428  </controlfield>
    <controlfield tag="005">20080417013903.0</controlfield>
    <controlfield tag="008">930720s1988    hu            000 0 hun d</controlfield>
    <datafield tag="035" ind1=" " ind2=" ">
      <subfield code="a">BMEOMIKK000339501</subfield>
    </datafield>
    <datafield tag="040" ind1=" " ind2=" ">
      <subfield code="a">BMEOMIKK</subfield>
    </datafield>
    <datafield tag="041" ind1="0" ind2=" ">
      <subfield code="a">hun</subfield>
    </datafield>
    <datafield tag="044" ind1=" " ind2=" ">
      <subfield code="a">HU</subfield>
    </datafield>
    <datafield tag="100" ind1="1" ind2=" ">
      <subfield code="a">Szabó Szilárd</subfield>
    </datafield>
    <datafield tag="245" ind1="1" ind2="0">
      <subfield code="a">100+4 játékok és felhasználói programok, C16-PLUS/4 /</subfield>
      <subfield code="c">[irta Szabó Szilárd, Tóthné Máriássy Éva] ; [közr. az] LSI Alkalmazástechnikai Tanácsadó Szolgálat</subfield>
    </datafield>
    <datafield tag="260" ind1=" " ind2=" ">
      <subfield code="a">Budapest :</subfield>
      <subfield code="b">LSI ATSZ,</subfield>
      <subfield code="c">1988</subfield>
    </datafield>
    <datafield tag="300" ind1=" " ind2=" ">
      <subfield code="a">184 p. ;</subfield>
      <subfield code="c">24 cm</subfield>
    </datafield>
    <datafield tag="653" ind1=" " ind2=" ">
      <subfield code="a">COMMODORE PLUS/4 személyi számítógép</subfield>
    </datafield>
    <datafield tag="653" ind1=" " ind2=" ">
      <subfield code="a">Program</subfield>
    </datafield>
    <datafield tag="700" ind1="2" ind2="0">
      <subfield code="a">Tóthné Máriássy Éva</subfield>
    </datafield>
    <datafield tag="710" ind1="2" ind2=" ">
      <subfield code="a">LSI Alkalmazástechnikai Tanácsadó Szolgálat (Budapest)</subfield>
    </datafield>
    <datafield tag="852" ind1=" " ind2=" ">
      <subfield code="a">B11</subfield>
      <subfield code="b">B11</subfield>
      <subfield code="x">BMEOMIKK000339501</subfield>
    </datafield>
  </record>