
  <record>
    <leader>00364nam  2200145 i 4500</leader>
    <controlfield tag="001">MOKKAS0003241169  </controlfield>
    <controlfield tag="005">20060601140649.0</controlfield>
    <controlfield tag="008">050101s                                d</controlfield>
    <datafield tag="035" ind1=" " ind2=" ">
      <subfield code="a">136976</subfield>
    </datafield>
    <datafield tag="040" ind1=" " ind2=" ">
      <subfield code="a">KKMK</subfield>
    </datafield>
    <datafield tag="100" ind1="1" ind2=" ">
      <subfield code="a">Szabó Szilárd</subfield>
    </datafield>
    <datafield tag="245" ind1="1" ind2="0">
      <subfield code="a">100+4 /</subfield>
      <subfield code="c">Szabó Szilárd ; Gál József</subfield>
    </datafield>
    <datafield tag="300" ind1=" " ind2=" ">
      <subfield code="a">209 p. :</subfield>
      <subfield code="b">ill.</subfield>
    </datafield>
    <datafield tag="700" ind1="1" ind2="0">
      <subfield code="a">Gál József</subfield>
    </datafield>
    <datafield tag="852" ind1=" " ind2=" ">
      <subfield code="a">GY1</subfield>
      <subfield code="b">GY1</subfield>
      <subfield code="x">136976</subfield>
    </datafield>
  </record>