
  <record>
    <leader>00674nam  2200193 i 4500</leader>
    <controlfield tag="001">MOKKAN0004868847  </controlfield>
    <controlfield tag="005">20080312135818.0</controlfield>
    <controlfield tag="008">990828s19881989              000 0 hun d</controlfield>
    <datafield tag="035" ind1=" " ind2=" ">
      <subfield code="a">BMEOMIKK000020273</subfield>
    </datafield>
    <datafield tag="040" ind1=" " ind2=" ">
      <subfield code="a">BMEOMIKK</subfield>
    </datafield>
    <datafield tag="041" ind1="0" ind2=" ">
      <subfield code="a">hun</subfield>
    </datafield>
    <datafield tag="245" ind1="0" ind2="0">
      <subfield code="a">100+4 : </subfield>
      <subfield code="b">Játékok és felhasználói programok : C16-Plus/4 /</subfield>
      <subfield code="c">[kiad. az] LSI Alkalmazástechnikai Tanácsadó Szolgálat</subfield>
    </datafield>
    <datafield tag="246" ind1="1" ind2="3">
      <subfield code="a">Játékok és felhasználói programok : C16-Plus/4</subfield>
    </datafield>
    <datafield tag="260" ind1=" " ind2=" ">
      <subfield code="c">1988-1989</subfield>
    </datafield>
    <datafield tag="300" ind1=" " ind2=" ">
      <subfield code="a">3 db ;</subfield>
      <subfield code="c">24 cm</subfield>
    </datafield>
    <datafield tag="700" ind1="1" ind2=" ">
      <subfield code="a">Szabó Szilárd</subfield>
    </datafield>
    <datafield tag="700" ind1="1" ind2=" ">
      <subfield code="a">Tóthné Máriássy Éva</subfield>
    </datafield>
    <datafield tag="710" ind1="2" ind2=" ">
      <subfield code="a">LSI Alkalmazástechnikai Tanácsadó Szolgálat (Budapest)</subfield>
    </datafield>
    <datafield tag="852" ind1=" " ind2=" ">
      <subfield code="a">B11</subfield>
      <subfield code="b">B11</subfield>
      <subfield code="x">BMEOMIKK000020273</subfield>
    </datafield>
  </record>