
  <record>
    <leader>01631cam  22003131 r4500</leader>
    <controlfield tag="001">MOKKAZ0004155054  </controlfield>
    <controlfield tag="005">20040910044713.0</controlfield>
    <controlfield tag="008">      s1988                        und d</controlfield>
    <datafield tag="020" ind1=" " ind2=" ">
      <subfield code="a">963-592-834-3</subfield>
    </datafield>
    <datafield tag="035" ind1=" " ind2=" ">
      <subfield code="a">bibFSZ00000373</subfield>
    </datafield>
    <datafield tag="040" ind1=" " ind2=" ">
      <subfield code="a">FSZEK</subfield>
    </datafield>
    <datafield tag="100" ind1="1" ind2=" ">
      <subfield code="a">Szabó Szilárd</subfield>
    </datafield>
    <datafield tag="245" ind1="1" ind2="0">
      <subfield code="a">100+4 : </subfield>
      <subfield code="b">Játékok és felhasználói programok : C16-PLUS 4 /</subfield>
      <subfield code="c">[közread. az] LSI alkalmazástechnikai Tanácsadó Szolgálat</subfield>
    </datafield>
    <datafield tag="260" ind1=" " ind2=" ">
      <subfield code="a">Budapest :</subfield>
      <subfield code="b">LSI Alkalmazástechnikai Tanácsadó Szolgálat,</subfield>
      <subfield code="c">1988-</subfield>
    </datafield>
    <datafield tag="300" ind1=" " ind2=" ">
      <subfield code="c">23 cm</subfield>
    </datafield>
    <datafield tag="500" ind1=" " ind2=" ">
      <subfield code="a">Az 1. köt. kötetjelzés nélkül "Játékok és felhasználói programok : C16-PLUS 4" c. jelent meg</subfield>
    </datafield>
    <datafield tag="650" ind1=" " ind2="4">
      <subfield code="a">számitógépes játékok</subfield>
    </datafield>
    <datafield tag="650" ind1=" " ind2="4">
      <subfield code="a">számitógépes program</subfield>
    </datafield>
    <datafield tag="650" ind1=" " ind2="4">
      <subfield code="a">Commodore (személyi számítógép)</subfield>
    </datafield>
    <datafield tag="650" ind1=" " ind2="4">
      <subfield code="a">számítógépes játékok</subfield>
    </datafield>
    <datafield tag="650" ind1=" " ind2="4">
      <subfield code="a">számítógépes programok</subfield>
    </datafield>
    <datafield tag="680" ind1=" " ind2="0">
      <subfield code="a">számítástechnika</subfield>
      <subfield code="a">elektronikus adatfeldolgozás</subfield>
      <subfield code="a">elektronikus számítógép</subfield>
      <subfield code="x">Commodore 16.06</subfield>
      <subfield code="a">asztali játékok</subfield>
      <subfield code="a">ostáblajátékok</subfield>
      <subfield code="a">gondolkodási (fejtörő) játékok</subfield>
      <subfield code="a">ügyességi játékok</subfield>
      <subfield code="a">szerencsejátékok</subfield>
    </datafield>
    <datafield tag="680" ind1=" " ind2="0">
      <subfield code="a">számítástechnika</subfield>
      <subfield code="a">elektronikus adatfeldolgozás</subfield>
      <subfield code="a">elektronikus számítógép</subfield>
      <subfield code="x">PLUS/4.06</subfield>
      <subfield code="a">asztali játékok</subfield>
      <subfield code="a">ostáblajátékok</subfield>
      <subfield code="a">gondolkodási (fejtörő) játékok</subfield>
      <subfield code="a">ügyességi játékok</subfield>
      <subfield code="a">szerencsejátékok</subfield>
    </datafield>
    <datafield tag="700" ind1="1" ind2=" ">
      <subfield code="a">Gál József</subfield>
    </datafield>
    <datafield tag="710" ind1="2" ind2=" ">
      <subfield code="a">LSI Alkalmazástechnikai Tanácsadó Szolgálat (Budapest)</subfield>
      <subfield code="4">közread.</subfield>
    </datafield>
    <datafield tag="740" ind1=" " ind2=" ">
      <subfield code="a">Játékok és felhasználói programok : C16-PLUS 4</subfield>
    </datafield>
    <datafield tag="852" ind1=" " ind2=" ">
      <subfield code="a">B10</subfield>
      <subfield code="B">0101</subfield>
      <subfield code="B">0307</subfield>
      <subfield code="B">2301</subfield>
      <subfield code="B">0801</subfield>
      <subfield code="b">1401</subfield>
      <subfield code="x">bibFSZ00000373</subfield>
    </datafield>
    <datafield tag="852" ind1=" " ind2=" ">
      <subfield code="a">BCS1</subfield>
      <subfield code="b">BCS1</subfield>
      <subfield code="x">bibBKO00099257</subfield>
    </datafield>
    <datafield tag="852" ind1=" " ind2=" ">
      <subfield code="a">M2</subfield>
      <subfield code="b">M2</subfield>
      <subfield code="x">bibRFK00023564</subfield>
    </datafield>
  </record>