
  <record>
    <leader>01124fam  2200313  r4500</leader>
    <controlfield tag="001">MOKKAZ0003193256  </controlfield>
    <controlfield tag="005">20040909165129.0</controlfield>
    <controlfield tag="008">       1988                        hun  </controlfield>
    <datafield tag="020" ind1=" " ind2=" ">
      <subfield code="a">963 592 996 X (össz.)</subfield>
    </datafield>
    <datafield tag="020" ind1=" " ind2=" ">
      <subfield code="a">963 592 998 6 (1.köt.)</subfield>
    </datafield>
    <datafield tag="020" ind1=" " ind2=" ">
      <subfield code="a">963 592 997 8 (2. köt.)</subfield>
    </datafield>
    <datafield tag="020" ind1=" " ind2=" ">
      <subfield code="a">963 592 962 5 (3. köt.)</subfield>
    </datafield>
    <datafield tag="035" ind1=" " ind2=" ">
      <subfield code="a">ISISFEF0009361</subfield>
    </datafield>
    <datafield tag="040" ind1=" " ind2=" ">
      <subfield code="a">DEENK</subfield>
    </datafield>
    <datafield tag="245" ind1="0" ind2="0">
      <subfield code="a">100+4 :</subfield>
      <subfield code="b">Játékok és felhasználói programok : C16-PLUS/4 /</subfield>
      <subfield code="c">közread. az] ISI Alkalmazástechnikai Tanácsadó Szolgálat</subfield>
    </datafield>
    <datafield tag="250" ind1=" " ind2=" ">
      <subfield code="a">[Utánny.]</subfield>
    </datafield>
    <datafield tag="260" ind1=" " ind2=" ">
      <subfield code="a">Budapest :</subfield>
      <subfield code="b">LSI ATSZ,</subfield>
      <subfield code="c">1988</subfield>
    </datafield>
    <datafield tag="650" ind1=" " ind2="4">
      <subfield code="a">Commodore (személyi számítógép)</subfield>
    </datafield>
    <datafield tag="650" ind1=" " ind2="4">
      <subfield code="a">játékok</subfield>
    </datafield>
    <datafield tag="695" ind1=" " ind2=" ">
      <subfield code="a">Játékprogram</subfield>
    </datafield>
    <datafield tag="700" ind1="1" ind2=" ">
      <subfield code="a">Szabó Szilárd</subfield>
    </datafield>
    <datafield tag="700" ind1=" " ind2=" ">
      <subfield code="a">Tóthné Máriássy Éva</subfield>
    </datafield>
    <datafield tag="700" ind1="1" ind2=" ">
      <subfield code="a">Gál József</subfield>
    </datafield>
    <datafield tag="700" ind1=" " ind2=" ">
      <subfield code="a">Ollós László</subfield>
    </datafield>
    <datafield tag="700" ind1="1" ind2=" ">
      <subfield code="a">Kiss László</subfield>
    </datafield>
    <datafield tag="710" ind1="2" ind2=" ">
      <subfield code="a">Országos Műszaki Információs Központ és Könyvtár (Budapest).</subfield>
      <subfield code="b">LSI Alkalmazástechnikai Tanácsadó Szolgálat</subfield>
    </datafield>
    <datafield tag="852" ind1=" " ind2=" ">
      <subfield code="a">D1</subfield>
      <subfield code="b">D1</subfield>
      <subfield code="x">ISISFEF0009361</subfield>
    </datafield>
    <datafield tag="852" ind1=" " ind2=" ">
      <subfield code="a">B10</subfield>
      <subfield code="B">0801</subfield>
      <subfield code="B">1401</subfield>
      <subfield code="B">1106</subfield>
      <subfield code="B">0101</subfield>
      <subfield code="B">1103</subfield>
      <subfield code="b">0305</subfield>
      <subfield code="x">bibFSZ00000587</subfield>
    </datafield>
    <datafield tag="852" ind1=" " ind2=" ">
      <subfield code="a">M2</subfield>
      <subfield code="b">M2</subfield>
      <subfield code="x">bibRFK00023568</subfield>
    </datafield>
  </record>