
  <record>
    <leader>00472nama 22001571i 4500</leader>
    <controlfield tag="001">MOKKAS0000608416  </controlfield>
    <controlfield tag="005">20060614163318.0</controlfield>
    <controlfield tag="008">041001s1959    ro            000 0 hunod</controlfield>
    <datafield tag="035" ind1=" " ind2=" ">
      <subfield code="a">1367240</subfield>
    </datafield>
    <datafield tag="040" ind1=" " ind2=" ">
      <subfield code="a">OSZK</subfield>
    </datafield>
    <datafield tag="041" ind1="0" ind2=" ">
      <subfield code="a">hunhun</subfield>
    </datafield>
    <datafield tag="100" ind1="1" ind2=" ">
      <subfield code="a">Szmuk Irén</subfield>
      <subfield code="c">(cédulakatalógus alapján)</subfield>
    </datafield>
    <datafield tag="245" ind1="1" ind2="0">
      <subfield code="a">1006 ételrecept egészségeseknek és betegeknek /</subfield>
      <subfield code="c">Szmuk Irén</subfield>
    </datafield>
    <datafield tag="260" ind1=" " ind2=" ">
      <subfield code="a">Bukarest :</subfield>
      <subfield code="b">Technikai Kiadó,</subfield>
      <subfield code="c">[1959]</subfield>
    </datafield>
    <datafield tag="300" ind1=" " ind2=" ">
      <subfield code="a">363 p. :</subfield>
      <subfield code="b">ill. ;</subfield>
      <subfield code="c">21 cm</subfield>
    </datafield>
    <datafield tag="852" ind1=" " ind2=" ">
      <subfield code="a">B1</subfield>
      <subfield code="b">B1</subfield>
      <subfield code="x">1367240</subfield>
    </datafield>
  </record>