
  <record>
    <leader>00990fam  2200241 ir4500</leader>
    <controlfield tag="001">MOKKAZ0006218334  </controlfield>
    <controlfield tag="005">20090621044530.0</controlfield>
    <controlfield tag="008">940509s1982    hu            000 0 hun d</controlfield>
    <datafield tag="020" ind1=" " ind2=" ">
      <subfield code="a">963-01-4370-4 (fűzött)</subfield>
    </datafield>
    <datafield tag="035" ind1=" " ind2=" ">
      <subfield code="a">786046</subfield>
    </datafield>
    <datafield tag="040" ind1=" " ind2=" ">
      <subfield code="a">OSZK</subfield>
    </datafield>
    <datafield tag="041" ind1="0" ind2=" ">
      <subfield code="a">hunhun</subfield>
    </datafield>
    <datafield tag="245" ind1="1" ind2="0">
      <subfield code="a">100, 75, 50 éve történt : </subfield>
      <subfield code="b">Adatok a testnevelés és sport tárgyköréből /</subfield>
      <subfield code="c">szerk. Szerbák Elek és Adorján Gábor</subfield>
    </datafield>
    <datafield tag="260" ind1=" " ind2=" ">
      <subfield code="a">Budapest :</subfield>
      <subfield code="b">Testnevelési és Sportmúz.,</subfield>
      <subfield code="c">1982</subfield>
      <subfield code="e">([Budapest]</subfield>
      <subfield code="f">Sportprop. Soksz.)</subfield>
    </datafield>
    <datafield tag="300" ind1=" " ind2=" ">
      <subfield code="a">137 p. ;</subfield>
      <subfield code="c">24 cm</subfield>
    </datafield>
    <datafield tag="490" ind1="1" ind2=" ">
      <subfield code="a">A Testnevelési és Sportmúzeum közleményei</subfield>
      <subfield code="x">0231-0899</subfield>
      <subfield code="v">1.</subfield>
    </datafield>
    <datafield tag="653" ind1=" " ind2=" ">
      <subfield code="a">adalékok magyar sport és testnevelés történetéhez</subfield>
    </datafield>
    <datafield tag="700" ind1="1" ind2=" ">
      <subfield code="a">Szerbák Elek</subfield>
      <subfield code="4">(szerk.)</subfield>
    </datafield>
    <datafield tag="700" ind1="1" ind2=" ">
      <subfield code="a">Adorján Gábor</subfield>
      <subfield code="4">(szerk.)</subfield>
    </datafield>
    <datafield tag="830" ind1=" " ind2="2">
      <subfield code="a">A Testnevelési és Sportmúzeum közleményei</subfield>
    </datafield>
    <datafield tag="852" ind1=" " ind2=" ">
      <subfield code="a">B1</subfield>
      <subfield code="b">B1</subfield>
      <subfield code="x">786046</subfield>
    </datafield>
    <datafield tag="852" ind1=" " ind2=" ">
      <subfield code="a">B10</subfield>
      <subfield code="b">1308</subfield>
      <subfield code="b">0801</subfield>
      <subfield code="b">0801B</subfield>
      <subfield code="b">1803</subfield>
      <subfield code="b">1901</subfield>
      <subfield code="b">0901</subfield>
      <subfield code="b">0802</subfield>
      <subfield code="b">0101</subfield>
      <subfield code="b">1201</subfield>
      <subfield code="b">1105</subfield>
      <subfield code="b">0801B</subfield>
      <subfield code="b">1105</subfield>
      <subfield code="x">bibFSZ00173775</subfield>
    </datafield>
    <datafield tag="852" ind1=" " ind2=" ">
      <subfield code="a">B8</subfield>
      <subfield code="b">B8</subfield>
      <subfield code="x">OGYK000198526</subfield>
    </datafield>
  </record>