
  <record>
    <leader>01343nam  2200361 i 4500</leader>
    <controlfield tag="001">MOKKAS0001435876  </controlfield>
    <controlfield tag="005">20091109221626.0</controlfield>
    <controlfield tag="008">050903s2001    hu            00010 hun d</controlfield>
    <datafield tag="020" ind1=" " ind2=" ">
      <subfield code="a">963-9123-83-8 (fűzött) :</subfield>
      <subfield code="c">3480,-Ft</subfield>
    </datafield>
    <datafield tag="035" ind1=" " ind2=" ">
      <subfield code="a">bibVFK00254962</subfield>
    </datafield>
    <datafield tag="040" ind1=" " ind2=" ">
      <subfield code="a">VFMK</subfield>
    </datafield>
    <datafield tag="130" ind1="0" ind2="1">
      <subfield code="a">1009 Spiel- und Übungsformen im Fussball (magyar)</subfield>
    </datafield>
    <datafield tag="245" ind1="0" ind2="0">
      <subfield code="a">1009 játék- és gyakorlatforma a labdarúgásban :</subfield>
      <subfield code="b">[Kézikönyv tanároknak, edzőknek, pályaedzőknek, versenyzőknek] /</subfield>
      <subfield code="c">[szerzők] Werner Birchmeier [et al.] ; [szerk.] Bernhard Bruggmann ; [ford. Major Mercedes]</subfield>
    </datafield>
    <datafield tag="260" ind1=" " ind2=" ">
      <subfield code="a">Budapest ;</subfield>
      <subfield code="a">Pécs :</subfield>
      <subfield code="b">Dialóg Campus Kiadó,</subfield>
      <subfield code="c">2001</subfield>
    </datafield>
    <datafield tag="300" ind1=" " ind2=" ">
      <subfield code="a">243, [3] p. :</subfield>
      <subfield code="b">ill. ;</subfield>
      <subfield code="c">15x21 cm</subfield>
    </datafield>
    <datafield tag="490" ind1="1" ind2=" ">
      <subfield code="a">(Dialóg Campus szakkönyvek. Sport,</subfield>
      <subfield code="x">1417-7986)</subfield>
    </datafield>
    <datafield tag="504" ind1=" " ind2=" ">
      <subfield code="a">Bibliogr.: p. [246].</subfield>
    </datafield>
    <datafield tag="650" ind1=" " ind2="4">
      <subfield code="a">Labdarúgás</subfield>
    </datafield>
    <datafield tag="650" ind1=" " ind2="4">
      <subfield code="a">Játékok, mozgásos</subfield>
    </datafield>
    <datafield tag="650" ind1=" " ind2="4">
      <subfield code="a">Tanári kézikönyv</subfield>
    </datafield>
    <datafield tag="650" ind1=" " ind2="4">
      <subfield code="a">edzés</subfield>
    </datafield>
    <datafield tag="650" ind1=" " ind2="4">
      <subfield code="a">sportoktatás</subfield>
    </datafield>
    <datafield tag="650" ind1=" " ind2="7">
      <subfield code="a">edzés</subfield>
      <subfield code="2">opkm</subfield>
    </datafield>
    <datafield tag="650" ind1=" " ind2="7">
      <subfield code="a">labdarúgás</subfield>
      <subfield code="2">opkm</subfield>
    </datafield>
    <datafield tag="650" ind1=" " ind2="7">
      <subfield code="a">testnevelés</subfield>
      <subfield code="2">opkm</subfield>
    </datafield>
    <datafield tag="650" ind1=" " ind2="7">
      <subfield code="a">sportoktatás</subfield>
      <subfield code="2">opkm</subfield>
    </datafield>
    <datafield tag="700" ind1="1" ind2=" ">
      <subfield code="a">Birchmeier, Werner</subfield>
      <subfield code="4">közrem.</subfield>
    </datafield>
    <datafield tag="700" ind1="1" ind2=" ">
      <subfield code="a">Bruggmann, Bernhard</subfield>
      <subfield code="4">szerk.</subfield>
    </datafield>
    <datafield tag="700" ind1="1" ind2=" ">
      <subfield code="a">Major Mercedes</subfield>
      <subfield code="4">ford.</subfield>
    </datafield>
    <datafield tag="830" ind1=" " ind2="0">
      <subfield code="a">Dialóg Campus szakkönyvek. Sport</subfield>
    </datafield>
    <datafield tag="852" ind1=" " ind2=" ">
      <subfield code="a">SZL1</subfield>
      <subfield code="b">SZL1</subfield>
      <subfield code="x">bibVFK00254962</subfield>
    </datafield>
    <datafield tag="852" ind1=" " ind2=" ">
      <subfield code="a">SZO1</subfield>
      <subfield code="b">SZO1</subfield>
      <subfield code="x">150165833</subfield>
    </datafield>
    <datafield tag="852" ind1=" " ind2=" ">
      <subfield code="a">B7</subfield>
      <subfield code="b">B7</subfield>
      <subfield code="x">219617</subfield>
    </datafield>
  </record>