
  <record>
    <leader>00654nama 22001811i 4500</leader>
    <controlfield tag="001">MOKKAS0000478169  </controlfield>
    <controlfield tag="005">20060117181954.0</controlfield>
    <controlfield tag="008">040630s1959    hu            000 0 hunod</controlfield>
    <datafield tag="035" ind1=" " ind2=" ">
      <subfield code="a">1236944</subfield>
    </datafield>
    <datafield tag="040" ind1=" " ind2=" ">
      <subfield code="a">OSZK</subfield>
    </datafield>
    <datafield tag="041" ind1="0" ind2=" ">
      <subfield code="a">hunhun</subfield>
    </datafield>
    <datafield tag="100" ind1="1" ind2=" ">
      <subfield code="a">Lakatos István</subfield>
    </datafield>
    <datafield tag="245" ind1="1" ind2="0">
      <subfield code="a">100 activ (acut, chronicus) tüdőtbc-s endometriumának szövettani és tenyésztéses bacteriologiai vizsgálata /</subfield>
      <subfield code="c">Lakatos István, Szendi Balázs</subfield>
    </datafield>
    <datafield tag="260" ind1=" " ind2=" ">
      <subfield code="a">Budapest :</subfield>
      <subfield code="b">Felsőokt. Jegyzetell. soksz.,</subfield>
      <subfield code="c">1959</subfield>
    </datafield>
    <datafield tag="300" ind1=" " ind2=" ">
      <subfield code="a">p. 225-231. ;</subfield>
      <subfield code="c">21 cm</subfield>
    </datafield>
    <datafield tag="580" ind1=" " ind2=" ">
      <subfield code="a">Klny. az Állami Fodor József Tbc-Gyógyintézet Közleményeiből</subfield>
    </datafield>
    <datafield tag="700" ind1="1" ind2="0">
      <subfield code="a">Szendi Balázs</subfield>
    </datafield>
    <datafield tag="852" ind1=" " ind2=" ">
      <subfield code="a">B1</subfield>
      <subfield code="b">B1</subfield>
      <subfield code="x">1236944</subfield>
    </datafield>
  </record>