
  <record>
    <leader>00661nam  2200193   4500</leader>
    <controlfield tag="001">MOKKAS0002289248  </controlfield>
    <controlfield tag="005">20060527035200.0</controlfield>
    <controlfield tag="008">670905 1967    hu                  hun  </controlfield>
    <datafield tag="035" ind1=" " ind2=" ">
      <subfield code="a">bibSOK00154704</subfield>
    </datafield>
    <datafield tag="040" ind1=" " ind2=" ">
      <subfield code="a">SK</subfield>
    </datafield>
    <datafield tag="245" ind1="0" ind2="0">
      <subfield code="a">100 adat, 100 tény Csongrád megye ifjúságáról /</subfield>
      <subfield code="c">szerk. Fehér Kálmán et.al.</subfield>
    </datafield>
    <datafield tag="260" ind1=" " ind2=" ">
      <subfield code="a">[Szeged] :</subfield>
      <subfield code="b">[KISZ Csongrád Megyei Biz.],</subfield>
      <subfield code="c">[1967]</subfield>
    </datafield>
    <datafield tag="300" ind1=" " ind2=" ">
      <subfield code="a">[32] p. :</subfield>
      <subfield code="b">ill. ;</subfield>
      <subfield code="c">14 cm</subfield>
    </datafield>
    <datafield tag="650" ind1=" " ind2="7">
      <subfield code="a">Csongrád megye</subfield>
      <subfield code="2">szte</subfield>
    </datafield>
    <datafield tag="695" ind1=" " ind2=" ">
      <subfield code="a">KISZ</subfield>
      <subfield code="x">Csongrád megye</subfield>
      <subfield code="y">1961-1966</subfield>
    </datafield>
    <datafield tag="695" ind1=" " ind2=" ">
      <subfield code="a">Csongrád megye</subfield>
      <subfield code="x">ifjúság helyzete</subfield>
    </datafield>
    <datafield tag="695" ind1=" " ind2=" ">
      <subfield code="a">Ifjúság helyzete</subfield>
      <subfield code="x">Csongrád megye</subfield>
    </datafield>
    <datafield tag="700" ind1="1" ind2=" ">
      <subfield code="a">Fehér Kálmán</subfield>
    </datafield>
    <datafield tag="852" ind1=" " ind2=" ">
      <subfield code="a">SZ4</subfield>
      <subfield code="b">SZ4</subfield>
      <subfield code="x">bibSOK00154704</subfield>
    </datafield>
  </record>