
  <record>
    <leader>00541nama 22001571i 4500</leader>
    <controlfield tag="001">MOKKAS0000530979  </controlfield>
    <controlfield tag="005">20060117212707.0</controlfield>
    <controlfield tag="008">040903s1959    hu            000 0 hunod</controlfield>
    <datafield tag="035" ind1=" " ind2=" ">
      <subfield code="a">1289772</subfield>
    </datafield>
    <datafield tag="040" ind1=" " ind2=" ">
      <subfield code="a">OSZK</subfield>
    </datafield>
    <datafield tag="041" ind1="0" ind2=" ">
      <subfield code="a">hunhun</subfield>
    </datafield>
    <datafield tag="100" ind1="1" ind2=" ">
      <subfield code="a">Kőhidai János</subfield>
      <subfield code="c">(cédulakatalógus alapján)</subfield>
    </datafield>
    <datafield tag="245" ind1="1" ind2="0">
      <subfield code="a">100 ágyon aluli intézményekben tejkonyha szervezése kórházi csecsemőosztály, bölcsőde, idénybölcsőde /</subfield>
      <subfield code="c">Kőhidai János</subfield>
    </datafield>
    <datafield tag="260" ind1=" " ind2=" ">
      <subfield code="a">[Budapest] :</subfield>
      <subfield code="b">[Révai Ny.],</subfield>
      <subfield code="c">[1959]</subfield>
    </datafield>
    <datafield tag="300" ind1=" " ind2=" ">
      <subfield code="a">fol. 129-132. ;</subfield>
      <subfield code="c">25 cm</subfield>
    </datafield>
    <datafield tag="852" ind1=" " ind2=" ">
      <subfield code="a">B1</subfield>
      <subfield code="b">B1</subfield>
      <subfield code="x">1289772</subfield>
    </datafield>
  </record>