
  <record>
    <leader>00325cam  22001217  4500</leader>
    <controlfield tag="001">MOKKAZ0004635797  </controlfield>
    <controlfield tag="005">20040910085555.0</controlfield>
    <controlfield tag="008">      s1927                        hun d</controlfield>
    <datafield tag="035" ind1=" " ind2=" ">
      <subfield code="a">bibFSZ130248</subfield>
    </datafield>
    <datafield tag="040" ind1=" " ind2=" ">
      <subfield code="a">FSZEK</subfield>
    </datafield>
    <datafield tag="245" ind1="0" ind2="0">
      <subfield code="a">100-ak könyve /</subfield>
      <subfield code="c">írta a Nemzeti Sport Szerkesztősége</subfield>
    </datafield>
    <datafield tag="260" ind1=" " ind2=" ">
      <subfield code="c">1927</subfield>
    </datafield>
    <datafield tag="852" ind1=" " ind2=" ">
      <subfield code="a">B10</subfield>
      <subfield code="b">0801B</subfield>
      <subfield code="x">bibFSZ130248</subfield>
    </datafield>
  </record>