
  <record>
    <leader>00622nam  2200193 i 4500</leader>
    <controlfield tag="001">MOKKAS0001424932  </controlfield>
    <controlfield tag="005">20060113132319.0</controlfield>
    <controlfield tag="008">050903s1927    hu            00010 hun d</controlfield>
    <datafield tag="020" ind1=" " ind2=" ">
      <subfield code="a">(kötött)</subfield>
    </datafield>
    <datafield tag="035" ind1=" " ind2=" ">
      <subfield code="a">bibVFK00240747</subfield>
    </datafield>
    <datafield tag="040" ind1=" " ind2=" ">
      <subfield code="a">VFMK</subfield>
    </datafield>
    <datafield tag="245" ind1="0" ind2="0">
      <subfield code="a">100-ak könyve :</subfield>
      <subfield code="b">Száz magyar versenyző írásban és képben /</subfield>
      <subfield code="c">írta a Nemzeti Sport Szerk.</subfield>
    </datafield>
    <datafield tag="260" ind1=" " ind2=" ">
      <subfield code="a">Budapest :</subfield>
      <subfield code="b">Nemzeti Sport Lapkiadó Rt.,</subfield>
      <subfield code="c">1927</subfield>
    </datafield>
    <datafield tag="300" ind1=" " ind2=" ">
      <subfield code="a">108 p. ;</subfield>
      <subfield code="c">15 cm</subfield>
    </datafield>
    <datafield tag="490" ind1="1" ind2=" ">
      <subfield code="a">(Nemzeti Sportkönyvtár ;</subfield>
      <subfield code="v">23.)</subfield>
    </datafield>
    <datafield tag="650" ind1=" " ind2="4">
      <subfield code="a">Sport, magyar</subfield>
    </datafield>
    <datafield tag="650" ind1=" " ind2="4">
      <subfield code="a">Sportolók, magyar</subfield>
    </datafield>
    <datafield tag="830" ind1=" " ind2="0">
      <subfield code="a">Nemzeti Sportkönyvtár</subfield>
    </datafield>
    <datafield tag="852" ind1=" " ind2=" ">
      <subfield code="a">SZL1</subfield>
      <subfield code="b">SZL1</subfield>
      <subfield code="x">bibVFK00240747</subfield>
    </datafield>
  </record>