
  <record>
    <leader>00590nam  2200169 i 4500</leader>
    <controlfield tag="001">MOKKAS0003337070  </controlfield>
    <controlfield tag="005">20060604110156.0</controlfield>
    <controlfield tag="008">050101s1927                            d</controlfield>
    <datafield tag="035" ind1=" " ind2=" ">
      <subfield code="a">516564</subfield>
    </datafield>
    <datafield tag="040" ind1=" " ind2=" ">
      <subfield code="a">KKMK</subfield>
    </datafield>
    <datafield tag="245" ind1="0" ind2="0">
      <subfield code="a">100-ak könyve : </subfield>
      <subfield code="b">száz magyar versenyző írásban és képben /</subfield>
      <subfield code="c">írta Nemzeti Sport Szerkesztősége</subfield>
    </datafield>
    <datafield tag="260" ind1=" " ind2=" ">
      <subfield code="a">Budapest :</subfield>
      <subfield code="b">Nemzeti Sport Lapkiadó és Szolgáltató Kft.,</subfield>
      <subfield code="c">1927</subfield>
    </datafield>
    <datafield tag="300" ind1=" " ind2=" ">
      <subfield code="a">108 p. ;</subfield>
      <subfield code="c">15 cm</subfield>
    </datafield>
    <datafield tag="490" ind1="1" ind2=" ">
      <subfield code="a">Nemzeti Sportkönyvtár</subfield>
      <subfield code="v">23.</subfield>
    </datafield>
    <datafield tag="710" ind1="2" ind2="0">
      <subfield code="a">Nemzeti Sport Szerkesztősége</subfield>
      <subfield code="4">írta</subfield>
    </datafield>
    <datafield tag="830" ind1=" " ind2="0">
      <subfield code="a">Nemzeti Sportkönyvtár</subfield>
    </datafield>
    <datafield tag="852" ind1=" " ind2=" ">
      <subfield code="a">GY1</subfield>
      <subfield code="b">GY1</subfield>
      <subfield code="x">516564</subfield>
    </datafield>
  </record>