
  <record>
    <leader>00645nam  2200205 i 4500</leader>
    <controlfield tag="001">MOKKAW0005522555  </controlfield>
    <controlfield tag="005">20080414134718.0</controlfield>
    <controlfield tag="008">050128s2004                        hun d</controlfield>
    <datafield tag="020" ind1=" " ind2=" ">
      <subfield code="a">963-9166-92-8 (kötött)</subfield>
    </datafield>
    <datafield tag="035" ind1=" " ind2=" ">
      <subfield code="a">NLVK407996</subfield>
    </datafield>
    <datafield tag="040" ind1=" " ind2=" ">
      <subfield code="a">NLVK</subfield>
    </datafield>
    <datafield tag="041" ind1="0" ind2=" ">
      <subfield code="a">hun</subfield>
    </datafield>
    <datafield tag="100" ind1="1" ind2=" ">
      <subfield code="a">Johnson, Jinny</subfield>
    </datafield>
    <datafield tag="245" ind1="1" ind2="0">
      <subfield code="a">100 állomás - 100 kaland : </subfield>
      <subfield code="b">emlősök /</subfield>
      <subfield code="c">[ford. Csorba Gábor]</subfield>
    </datafield>
    <datafield tag="260" ind1=" " ind2=" ">
      <subfield code="a">[Budapest] :</subfield>
      <subfield code="b">Lilliput,</subfield>
      <subfield code="c">2004</subfield>
      <subfield code="e">([Budapest]</subfield>
      <subfield code="f">Kossuth Ny.)</subfield>
    </datafield>
    <datafield tag="300" ind1=" " ind2=" ">
      <subfield code="a">47 p. :</subfield>
      <subfield code="b">ill., színes ;</subfield>
      <subfield code="c">30 cm</subfield>
    </datafield>
    <datafield tag="500" ind1=" " ind2=" ">
      <subfield code="a">Szerző Johnson, Jinny</subfield>
    </datafield>
    <datafield tag="650" ind1=" " ind2="4">
      <subfield code="a">Emlősök [Gyermekirod.]</subfield>
    </datafield>
    <datafield tag="700" ind1="1" ind2=" ">
      <subfield code="a">Csorba Gábor</subfield>
      <subfield code="d">(1961-)</subfield>
      <subfield code="4">(ford.)</subfield>
    </datafield>
    <datafield tag="852" ind1=" " ind2=" ">
      <subfield code="a">H1</subfield>
      <subfield code="b">H1</subfield>
      <subfield code="x">NLVK407996</subfield>
    </datafield>
  </record>