
  <record>
    <leader>00626nam  2200205 i 4500</leader>
    <controlfield tag="001">MOKKAW0005570018  </controlfield>
    <controlfield tag="005">20080415104459.0</controlfield>
    <controlfield tag="008">060412s2006    hu a          0000  hunod</controlfield>
    <datafield tag="020" ind1=" " ind2=" ">
      <subfield code="a">963-9619-18-3 (kötött)</subfield>
    </datafield>
    <datafield tag="035" ind1=" " ind2=" ">
      <subfield code="a">NLVK722565</subfield>
    </datafield>
    <datafield tag="040" ind1=" " ind2=" ">
      <subfield code="a">NLVK</subfield>
    </datafield>
    <datafield tag="041" ind1="1" ind2=" ">
      <subfield code="a">hun</subfield>
    </datafield>
    <datafield tag="100" ind1="1" ind2=" ">
      <subfield code="a">MacDonald, Fiona</subfield>
    </datafield>
    <datafield tag="245" ind1="1" ind2="0">
      <subfield code="a">100 állomás - 100 kaland : </subfield>
      <subfield code="b">vikingek /</subfield>
      <subfield code="c">[magyar szöveg Rácz Hilda]</subfield>
    </datafield>
    <datafield tag="260" ind1=" " ind2=" ">
      <subfield code="a">[Budapest] :</subfield>
      <subfield code="b">Lilliput,</subfield>
      <subfield code="c">2006</subfield>
      <subfield code="e">(Győr</subfield>
      <subfield code="f">Széchenyi Ny.)</subfield>
    </datafield>
    <datafield tag="300" ind1=" " ind2=" ">
      <subfield code="a">48 p. :</subfield>
      <subfield code="b">ill., színes ;</subfield>
      <subfield code="c">31 cm</subfield>
    </datafield>
    <datafield tag="500" ind1=" " ind2=" ">
      <subfield code="a">Szerző Macdonald, Fiona</subfield>
    </datafield>
    <datafield tag="650" ind1=" " ind2="4">
      <subfield code="a">Vikingek</subfield>
    </datafield>
    <datafield tag="700" ind1="1" ind2=" ">
      <subfield code="a">Rácz Hilda</subfield>
      <subfield code="4">(ford.)</subfield>
    </datafield>
    <datafield tag="852" ind1=" " ind2=" ">
      <subfield code="a">H1</subfield>
      <subfield code="b">H1</subfield>
      <subfield code="x">NLVK722565</subfield>
    </datafield>
  </record>