
  <record>
    <leader>00729nam  2200205 i 4500</leader>
    <controlfield tag="001">MOKKAW0005563855  </controlfield>
    <controlfield tag="005">20080415073436.0</controlfield>
    <controlfield tag="008">051207s2005                        hun d</controlfield>
    <datafield tag="020" ind1=" " ind2=" ">
      <subfield code="a">963-9619-05-1 (kötött)</subfield>
    </datafield>
    <datafield tag="035" ind1=" " ind2=" ">
      <subfield code="a">NLVK694484</subfield>
    </datafield>
    <datafield tag="040" ind1=" " ind2=" ">
      <subfield code="a">NLVK</subfield>
    </datafield>
    <datafield tag="041" ind1="0" ind2=" ">
      <subfield code="a">hun</subfield>
    </datafield>
    <datafield tag="100" ind1="1" ind2=" ">
      <subfield code="a">Mattenheim Gréta</subfield>
      <subfield code="d">(1976-)</subfield>
    </datafield>
    <datafield tag="245" ind1="1" ind2="0">
      <subfield code="a">100 állomás - 100 kaland : </subfield>
      <subfield code="b">Mátyás és a Hunyadiak /</subfield>
      <subfield code="c">[írta Mattenheim Gréta]  ;  [ill. Veres László]</subfield>
    </datafield>
    <datafield tag="260" ind1=" " ind2=" ">
      <subfield code="a">[Budapest] :</subfield>
      <subfield code="b">Lilliput,</subfield>
      <subfield code="c">2005</subfield>
    </datafield>
    <datafield tag="300" ind1=" " ind2=" ">
      <subfield code="a">48 p. :</subfield>
      <subfield code="b">ill., színes ;</subfield>
      <subfield code="c">31 cm</subfield>
    </datafield>
    <datafield tag="650" ind1=" " ind2="4">
      <subfield code="a">Magyarország</subfield>
      <subfield code="x">Történelem 15. sz. [Gyermekirod.]</subfield>
    </datafield>
    <datafield tag="650" ind1=" " ind2="4">
      <subfield code="a">Történelem</subfield>
      <subfield code="x">Magyarország 15. sz. [Gyermekirod.]</subfield>
    </datafield>
    <datafield tag="700" ind1="1" ind2=" ">
      <subfield code="a">Veres László</subfield>
      <subfield code="d">(1956-)</subfield>
      <subfield code="4">(ill.)</subfield>
    </datafield>
    <datafield tag="852" ind1=" " ind2=" ">
      <subfield code="a">H1</subfield>
      <subfield code="b">H1</subfield>
      <subfield code="x">NLVK694484</subfield>
    </datafield>
  </record>