
  <record>
    <leader>00703nam  2200205 i 4500</leader>
    <controlfield tag="001">MOKKAW0005567876  </controlfield>
    <controlfield tag="005">20080415093542.0</controlfield>
    <controlfield tag="008">060228s2003                        hun d</controlfield>
    <datafield tag="020" ind1=" " ind2=" ">
      <subfield code="a">963-9166-63-4 (kötött)</subfield>
    </datafield>
    <datafield tag="035" ind1=" " ind2=" ">
      <subfield code="a">NLVK711890</subfield>
    </datafield>
    <datafield tag="040" ind1=" " ind2=" ">
      <subfield code="a">NLVK</subfield>
    </datafield>
    <datafield tag="041" ind1="0" ind2=" ">
      <subfield code="a">hun</subfield>
    </datafield>
    <datafield tag="100" ind1="1" ind2=" ">
      <subfield code="a">Walker, Jane</subfield>
    </datafield>
    <datafield tag="245" ind1="1" ind2="0">
      <subfield code="a">100 állomás - 100 kaland : </subfield>
      <subfield code="b">Egyiptom /</subfield>
      <subfield code="c">[Jane Walker]  ;  [magyar szöveg Mattenheim Gréta]</subfield>
    </datafield>
    <datafield tag="260" ind1=" " ind2=" ">
      <subfield code="a">[Budapest] :</subfield>
      <subfield code="b">Lilliput,</subfield>
      <subfield code="c">2003</subfield>
    </datafield>
    <datafield tag="300" ind1=" " ind2=" ">
      <subfield code="a">48 p. :</subfield>
      <subfield code="b">ill., színes ;</subfield>
      <subfield code="c">31 cm</subfield>
    </datafield>
    <datafield tag="650" ind1=" " ind2="4">
      <subfield code="a">Művelődéstörténet</subfield>
      <subfield code="x">Ókor [Gyermekirod.]</subfield>
      <subfield code="x">Egyiptom</subfield>
    </datafield>
    <datafield tag="650" ind1=" " ind2="4">
      <subfield code="a">Egyiptom</subfield>
      <subfield code="x">Ókor [Gyermekirod.]</subfield>
      <subfield code="x">Művelődéstörténet</subfield>
    </datafield>
    <datafield tag="700" ind1="1" ind2=" ">
      <subfield code="a">Mattenheim Gréta</subfield>
      <subfield code="4">(ford.)</subfield>
    </datafield>
    <datafield tag="852" ind1=" " ind2=" ">
      <subfield code="a">H1</subfield>
      <subfield code="b">H1</subfield>
      <subfield code="x">NLVK711890</subfield>
    </datafield>
  </record>