
  <record>
    <leader>00926fam  2200265 i 4500</leader>
    <controlfield tag="001">MOKKAZ0006317095  </controlfield>
    <controlfield tag="005">20040915191117.0</controlfield>
    <controlfield tag="008">940712s1994    hu r          000 0 hun d</controlfield>
    <datafield tag="020" ind1=" " ind2=" ">
      <subfield code="a">963-8308-16-8 (fűzött) :</subfield>
      <subfield code="c">295,- Ft</subfield>
    </datafield>
    <datafield tag="035" ind1=" " ind2=" ">
      <subfield code="a">83799</subfield>
    </datafield>
    <datafield tag="040" ind1=" " ind2=" ">
      <subfield code="a">OSZK</subfield>
    </datafield>
    <datafield tag="041" ind1="1" ind2=" ">
      <subfield code="a">hunhun</subfield>
      <subfield code="h">fre</subfield>
    </datafield>
    <datafield tag="100" ind1="2" ind2=" ">
      <subfield code="a">Simeon de Robert, Aurette</subfield>
    </datafield>
    <datafield tag="240" ind1="1" ind2="0">
      <subfield code="a">100 recettes de pommes</subfield>
      <subfield code="l">(magyar)</subfield>
    </datafield>
    <datafield tag="245" ind1="1" ind2="0">
      <subfield code="a">100 almarecept /</subfield>
      <subfield code="c">Aurette Simeon de Robert</subfield>
    </datafield>
    <datafield tag="260" ind1=" " ind2=" ">
      <subfield code="a">Budapest :</subfield>
      <subfield code="b">Delta 2000,</subfield>
      <subfield code="c">1994</subfield>
      <subfield code="e">([Budapest]</subfield>
      <subfield code="f">Tokai G.)</subfield>
      <subfield code="e">([Franciaország]</subfield>
      <subfield code="f">C.E.E.)</subfield>
    </datafield>
    <datafield tag="300" ind1=" " ind2=" ">
      <subfield code="a">95 p. :</subfield>
      <subfield code="b">ill., színes ;</subfield>
      <subfield code="c">22 cm</subfield>
    </datafield>
    <datafield tag="695" ind1=" " ind2=" ">
      <subfield code="a">Szakácskönyvek</subfield>
      <subfield code="x">receptek, alma</subfield>
    </datafield>
    <datafield tag="695" ind1=" " ind2=" ">
      <subfield code="a">xxx</subfield>
    </datafield>
    <datafield tag="700" ind1="1" ind2=" ">
      <subfield code="a">Rappai Zsuzsa</subfield>
      <subfield code="4">(ford.)</subfield>
    </datafield>
    <datafield tag="700" ind1="1" ind2=" ">
      <subfield code="a">Syren, Jean-Luc</subfield>
      <subfield code="4">(fotó)</subfield>
    </datafield>
    <datafield tag="852" ind1=" " ind2=" ">
      <subfield code="a">B1</subfield>
      <subfield code="b">B1</subfield>
      <subfield code="x">83799</subfield>
    </datafield>
    <datafield tag="852" ind1=" " ind2=" ">
      <subfield code="a">B10</subfield>
      <subfield code="B">0801</subfield>
      <subfield code="B">0901</subfield>
      <subfield code="B">0902</subfield>
      <subfield code="B">1308</subfield>
      <subfield code="B">0401</subfield>
      <subfield code="B">0601</subfield>
      <subfield code="B">0502</subfield>
      <subfield code="B">1106</subfield>
      <subfield code="B">1201</subfield>
      <subfield code="B">2201</subfield>
      <subfield code="B">2203</subfield>
      <subfield code="b">0302</subfield>
      <subfield code="x">bibFSZ00091917</subfield>
    </datafield>
    <datafield tag="852" ind1=" " ind2=" ">
      <subfield code="a">M2</subfield>
      <subfield code="b">M2</subfield>
      <subfield code="x">bibRFK00048401</subfield>
    </datafield>
    <datafield tag="852" ind1=" " ind2=" ">
      <subfield code="a">SZ4</subfield>
      <subfield code="b">SZ4</subfield>
      <subfield code="x">bibSOK00131342</subfield>
    </datafield>
  </record>