
  <record>
    <leader>00599nama 22001931i 4500</leader>
    <controlfield tag="001">MOKKAS0000702406  </controlfield>
    <controlfield tag="005">20060616205015.0</controlfield>
    <controlfield tag="008">041105s1958    it            000 0 itaod</controlfield>
    <datafield tag="035" ind1=" " ind2=" ">
      <subfield code="a">1461417</subfield>
    </datafield>
    <datafield tag="040" ind1=" " ind2=" ">
      <subfield code="a">OSZK</subfield>
    </datafield>
    <datafield tag="041" ind1="0" ind2=" ">
      <subfield code="a">itaita</subfield>
    </datafield>
    <datafield tag="100" ind1="1" ind2=" ">
      <subfield code="a">Nasi, Franco</subfield>
      <subfield code="c">(cédulakatalógus alapján)</subfield>
    </datafield>
    <datafield tag="245" ind1="1" ind2="0">
      <subfield code="a">100 anni di quotidiani milanesi /</subfield>
      <subfield code="c">Franco Nasi</subfield>
    </datafield>
    <datafield tag="260" ind1=" " ind2=" ">
      <subfield code="a">Milano :</subfield>
      <subfield code="b">Comune di Milano,</subfield>
      <subfield code="c">1958</subfield>
    </datafield>
    <datafield tag="300" ind1=" " ind2=" ">
      <subfield code="a">VIII, 148 p., 26 t. ;</subfield>
      <subfield code="c">27 cm</subfield>
    </datafield>
    <datafield tag="490" ind1="1" ind2=" ">
      <subfield code="a">Quaderni della "Città di Milano"</subfield>
      <subfield code="v">5.</subfield>
    </datafield>
    <datafield tag="504" ind1=" " ind2=" ">
      <subfield code="a">Bibliogr.: p. 127-148.</subfield>
    </datafield>
    <datafield tag="830" ind1=" " ind2="0">
      <subfield code="a">Quaderni della "Città di Milano"</subfield>
    </datafield>
    <datafield tag="852" ind1=" " ind2=" ">
      <subfield code="a">B1</subfield>
      <subfield code="b">B1</subfield>
      <subfield code="x">1461417</subfield>
    </datafield>
  </record>