
  <record>
    <leader>00711njm  2200241 i 4500</leader>
    <controlfield tag="001">MOKKAS0001220531  </controlfield>
    <controlfield tag="005">20060112152429.0</controlfield>
    <controlfield tag="008">      s1999    hu            00010 spa d</controlfield>
    <datafield tag="020" ind1=" " ind2=" ">
      <subfield code="c">3539, - Ft</subfield>
    </datafield>
    <datafield tag="028" ind1="0" ind2="0">
      <subfield code="a">5 56925 2</subfield>
    </datafield>
    <datafield tag="035" ind1=" " ind2=" ">
      <subfield code="a">bibRFK00002810</subfield>
    </datafield>
    <datafield tag="040" ind1=" " ind2=" ">
      <subfield code="a">RFMK</subfield>
    </datafield>
    <datafield tag="041" ind1=" " ind2=" ">
      <subfield code="a">spa</subfield>
    </datafield>
    <datafield tag="245" ind1="0" ind2="0">
      <subfield code="a">100 años de Mariachi</subfield>
      <subfield code="h">[Hangfelvétel] /</subfield>
      <subfield code="c">Dir. Bebu Silvetti ; Placido Domingo, T. ; VVC Symphonic Orchestra [et al.]</subfield>
    </datafield>
    <datafield tag="260" ind1=" " ind2=" ">
      <subfield code="b">EMI,</subfield>
      <subfield code="c">cop. 1999</subfield>
    </datafield>
    <datafield tag="300" ind1=" " ind2=" ">
      <subfield code="a">1 db CD ;</subfield>
      <subfield code="c">12 cm</subfield>
    </datafield>
    <datafield tag="306" ind1=" " ind2=" ">
      <subfield code="a">57 min. 29 sec.</subfield>
    </datafield>
    <datafield tag="650" ind1=" " ind2="5">
      <subfield code="a">dal</subfield>
    </datafield>
    <datafield tag="650" ind1=" " ind2="5">
      <subfield code="a">mexikói zene</subfield>
    </datafield>
    <datafield tag="650" ind1=" " ind2="5">
      <subfield code="a">gitár</subfield>
    </datafield>
    <datafield tag="650" ind1=" " ind2="5">
      <subfield code="a">zenekar</subfield>
    </datafield>
    <datafield tag="700" ind1="1" ind2=" ">
      <subfield code="a">Domingo, Placido</subfield>
      <subfield code="d">(1941)</subfield>
      <subfield code="c">(operaénekes)</subfield>
      <subfield code="4">énekes szólista, T.</subfield>
    </datafield>
    <datafield tag="852" ind1=" " ind2=" ">
      <subfield code="a">M2</subfield>
      <subfield code="b">M2</subfield>
      <subfield code="x">bibRFK00002810</subfield>
    </datafield>
  </record>