
  <record>
    <leader>00746nam  2200241   4500</leader>
    <controlfield tag="001">MOKKAZ0004833263  </controlfield>
    <controlfield tag="005">20090716105827.0</controlfield>
    <controlfield tag="008">971210s1997    hu a          00010 fre d</controlfield>
    <datafield tag="020" ind1=" " ind2=" ">
      <subfield code="a">(Kötött)</subfield>
    </datafield>
    <datafield tag="035" ind1=" " ind2=" ">
      <subfield code="a">bibJPT00110386</subfield>
    </datafield>
    <datafield tag="040" ind1=" " ind2=" ">
      <subfield code="a">PTE</subfield>
    </datafield>
    <datafield tag="100" ind1="1" ind2=" ">
      <subfield code="a">Petrov, Raiko</subfield>
    </datafield>
    <datafield tag="245" ind1="1" ind2="0">
      <subfield code="a">100 ans de lutte olympique /</subfield>
      <subfield code="c">Raiko Petrov</subfield>
    </datafield>
    <datafield tag="260" ind1=" " ind2=" ">
      <subfield code="a">Budapest :</subfield>
      <subfield code="b">5WERK,</subfield>
      <subfield code="c">1997</subfield>
    </datafield>
    <datafield tag="300" ind1=" " ind2=" ">
      <subfield code="a">160 p. :</subfield>
      <subfield code="b">ill. ;</subfield>
      <subfield code="c">29 cm</subfield>
    </datafield>
    <datafield tag="650" ind1=" " ind2="7">
      <subfield code="a">Olimpiai játékok története</subfield>
      <subfield code="x">képekkel</subfield>
      <subfield code="2">szte</subfield>
    </datafield>
    <datafield tag="650" ind1=" " ind2="7">
      <subfield code="a">Sporttörténet</subfield>
      <subfield code="x">képekkel</subfield>
      <subfield code="2">szte</subfield>
    </datafield>
    <datafield tag="650" ind1=" " ind2="7">
      <subfield code="a">Birkózás</subfield>
      <subfield code="x">története</subfield>
      <subfield code="x">képekkel</subfield>
      <subfield code="2">szte</subfield>
    </datafield>
    <datafield tag="695" ind1=" " ind2=" ">
      <subfield code="a">Olimpia</subfield>
    </datafield>
    <datafield tag="695" ind1=" " ind2=" ">
      <subfield code="a">Birkózás</subfield>
    </datafield>
    <datafield tag="650" ind1=" " ind2="7">
      <subfield code="a">Sport története</subfield>
      <subfield code="x">képekkel</subfield>
      <subfield code="2">szte</subfield>
    </datafield>
    <datafield tag="852" ind1=" " ind2=" ">
      <subfield code="a">P1</subfield>
      <subfield code="B">P1</subfield>
      <subfield code="b">P1/FK</subfield>
      <subfield code="x">bibJPT00110386</subfield>
    </datafield>
    <datafield tag="852" ind1=" " ind2=" ">
      <subfield code="a">SZ4</subfield>
      <subfield code="b">SZ4</subfield>
      <subfield code="x">bibSOK00127704</subfield>
    </datafield>
  </record>