
  <record>
    <leader>00595nam  2200193 i 4500</leader>
    <controlfield tag="001">MOKKAW0005262877  </controlfield>
    <controlfield tag="005">20080408231643.0</controlfield>
    <controlfield tag="008">031127s1922                 u    j hun d</controlfield>
    <datafield tag="035" ind1=" " ind2=" ">
      <subfield code="a">NLVK91734</subfield>
    </datafield>
    <datafield tag="040" ind1=" " ind2=" ">
      <subfield code="a">NLVK</subfield>
    </datafield>
    <datafield tag="041" ind1="0" ind2=" ">
      <subfield code="a">hun</subfield>
    </datafield>
    <datafield tag="100" ind1="1" ind2=" ">
      <subfield code="a">Fejérváry József</subfield>
      <subfield code="d">(1874-1960)</subfield>
    </datafield>
    <datafield tag="245" ind1="1" ind2="0">
      <subfield code="a">100 apróbetűs /</subfield>
      <subfield code="c">Fejérváry József</subfield>
    </datafield>
    <datafield tag="260" ind1=" " ind2=" ">
      <subfield code="a">Hódmezővásárhely :</subfield>
      <subfield code="b">Reggeli Újság nyomdája,</subfield>
      <subfield code="c">1922</subfield>
    </datafield>
    <datafield tag="300" ind1=" " ind2=" ">
      <subfield code="a">104 p. ;</subfield>
      <subfield code="c">15 cm</subfield>
    </datafield>
    <datafield tag="500" ind1=" " ind2=" ">
      <subfield code="a">Karcolatok, tárcák gyűjteménye.</subfield>
    </datafield>
    <datafield tag="650" ind1=" " ind2="4">
      <subfield code="a">Hódmezővásárhely</subfield>
      <subfield code="x">Nyomdák</subfield>
    </datafield>
    <datafield tag="650" ind1=" " ind2="4">
      <subfield code="a">Nyomdák</subfield>
      <subfield code="x">Hódmezővásárhely</subfield>
    </datafield>
    <datafield tag="852" ind1=" " ind2=" ">
      <subfield code="a">H1</subfield>
      <subfield code="b">H1</subfield>
      <subfield code="x">NLVK91734</subfield>
    </datafield>
  </record>