
  <record>
    <leader>00918nmm  2200253 i 4500</leader>
    <controlfield tag="001">MOKKAW0005508137  </controlfield>
    <controlfield tag="005">20080414203531.0</controlfield>
    <controlfield tag="006">                  </controlfield>
    <controlfield tag="008">080328s2008    hu         m        hun d</controlfield>
    <datafield tag="035" ind1=" " ind2=" ">
      <subfield code="a">bibDEK00680523</subfield>
    </datafield>
    <datafield tag="040" ind1=" " ind2=" ">
      <subfield code="a">DEENK</subfield>
    </datafield>
    <datafield tag="100" ind1="1" ind2=" ">
      <subfield code="a">Hegedűs László</subfield>
      <subfield code="d">(1950-)</subfield>
      <subfield code="c">(képzőművész)</subfield>
    </datafield>
    <datafield tag="245" ind1="1" ind2="0">
      <subfield code="a">100artbooks : Budapest Galéria Kiállítóháza 2008 /</subfield>
      <subfield code="c">Hegedűs 2 László H2</subfield>
    </datafield>
    <datafield tag="256" ind1=" " ind2=" ">
      <subfield code="a">Szöveg és képek</subfield>
    </datafield>
    <datafield tag="260" ind1=" " ind2=" ">
      <subfield code="a">Budapest :</subfield>
      <subfield code="b">Budapest Galéria Kiállítóháza,</subfield>
      <subfield code="c">[2008]</subfield>
    </datafield>
    <datafield tag="300" ind1=" " ind2=" ">
      <subfield code="a">1 db CD-ROM ;</subfield>
      <subfield code="c">12 cm</subfield>
    </datafield>
    <datafield tag="500" ind1=" " ind2=" ">
      <subfield code="a">Főcím a borítóról</subfield>
    </datafield>
    <datafield tag="538" ind1=" " ind2=" ">
      <subfield code="a">A dokumentum rendszerkövetelményeket nem tartalmaz</subfield>
    </datafield>
    <datafield tag="650" ind1=" " ind2="4">
      <subfield code="a">Kiállítások</subfield>
      <subfield code="z">Magyarország</subfield>
      <subfield code="z">Budapest</subfield>
    </datafield>
    <datafield tag="650" ind1=" " ind2="4">
      <subfield code="a">Művészkönyvek</subfield>
      <subfield code="z">Magyarország</subfield>
    </datafield>
    <datafield tag="650" ind1=" " ind2="0">
      <subfield code="a">Exhibitions</subfield>
      <subfield code="z">Hungary</subfield>
      <subfield code="z">Budapest.</subfield>
    </datafield>
    <datafield tag="650" ind1=" " ind2="0">
      <subfield code="a">Artists' books</subfield>
      <subfield code="z">Hungary.</subfield>
    </datafield>
    <datafield tag="710" ind1="2" ind2=" ">
      <subfield code="a">Budapest Galéria Kiállítóháza</subfield>
    </datafield>
    <datafield tag="852" ind1=" " ind2=" ">
      <subfield code="a">D1</subfield>
      <subfield code="b">D1/M</subfield>
      <subfield code="x">bibDEK00680523</subfield>
    </datafield>
  </record>