
  <record>
    <leader>00494ncm  2200169 i 4500</leader>
    <controlfield tag="001">MOKKAS0003622591  </controlfield>
    <controlfield tag="005">20060606182745.0</controlfield>
    <controlfield tag="008">050716s                                d</controlfield>
    <datafield tag="035" ind1=" " ind2=" ">
      <subfield code="a">920024</subfield>
    </datafield>
    <datafield tag="040" ind1=" " ind2=" ">
      <subfield code="a">OIK</subfield>
    </datafield>
    <datafield tag="100" ind1="1" ind2=" ">
      <subfield code="a">Panufnik, Andrzej</subfield>
      <subfield code="d">(1914-)</subfield>
    </datafield>
    <datafield tag="245" ind1="1" ind2="0">
      <subfield code="a">100 ar svensk pianomusik</subfield>
      <subfield code="h">nyomtatott kotta /</subfield>
      <subfield code="c">iurvaloch red. av Herbert Connor</subfield>
    </datafield>
    <datafield tag="254" ind1=" " ind2=" ">
      <subfield code="a">Szóló</subfield>
    </datafield>
    <datafield tag="260" ind1=" " ind2=" ">
      <subfield code="a">Stockholm :</subfield>
      <subfield code="b">Suecia,</subfield>
      <subfield code="c">19??</subfield>
    </datafield>
    <datafield tag="300" ind1=" " ind2=" ">
      <subfield code="a">126 p. ;</subfield>
      <subfield code="c">31 cm</subfield>
    </datafield>
    <datafield tag="700" ind1="1" ind2=" ">
      <subfield code="a">Connor, Herbert</subfield>
      <subfield code="4">(szerk.)</subfield>
    </datafield>
    <datafield tag="852" ind1=" " ind2=" ">
      <subfield code="a">B14</subfield>
      <subfield code="b">B14</subfield>
      <subfield code="x">920024</subfield>
    </datafield>
  </record>