
  <record>
    <leader>01046nam  2200277 i 4500</leader>
    <controlfield tag="001">MOKKAN0004207859  </controlfield>
    <controlfield tag="005">20070330004950.0</controlfield>
    <controlfield tag="008">       2006    au a                ger d</controlfield>
    <datafield tag="020" ind1=" " ind2=" ">
      <subfield code="a">3 200 00750 8</subfield>
    </datafield>
    <datafield tag="020" ind1=" " ind2=" ">
      <subfield code="a">978 3 200 00750 5</subfield>
    </datafield>
    <datafield tag="035" ind1=" " ind2=" ">
      <subfield code="a">bibDEK00620176</subfield>
    </datafield>
    <datafield tag="040" ind1=" " ind2=" ">
      <subfield code="a">DEENK</subfield>
    </datafield>
    <datafield tag="041" ind1="1" ind2=" ">
      <subfield code="a">gereng</subfield>
    </datafield>
    <datafield tag="245" ind1="0" ind2="0">
      <subfield code="a">100 Artists-in-Residence, quartier 21 - MQ - 2002-2006 /</subfield>
      <subfield code="c">[hrsg. vom MudeumsQuartier Errichtungs- und BetriebsgesmbH] ; [[Red. Patricia Grzonka, Linda Klösel]</subfield>
    </datafield>
    <datafield tag="260" ind1=" " ind2=" ">
      <subfield code="a">Wien :</subfield>
      <subfield code="b">Remaprint Druck-und Velagsges.,</subfield>
      <subfield code="c">[2005]</subfield>
    </datafield>
    <datafield tag="300" ind1=" " ind2=" ">
      <subfield code="a">99 p. :</subfield>
      <subfield code="b">ill. ;</subfield>
      <subfield code="c">23 cm</subfield>
    </datafield>
    <datafield tag="650" ind1=" " ind2="4">
      <subfield code="a">Művészet, modern</subfield>
      <subfield code="y">20. század</subfield>
      <subfield code="x">katalógusok</subfield>
    </datafield>
    <datafield tag="650" ind1=" " ind2="4">
      <subfield code="a">Művészet</subfield>
      <subfield code="y">21. század</subfield>
      <subfield code="x">katalógusok</subfield>
    </datafield>
    <datafield tag="650" ind1=" " ind2="4">
      <subfield code="a">Digitális művészet</subfield>
      <subfield code="x">kiállítások</subfield>
    </datafield>
    <datafield tag="650" ind1=" " ind2="0">
      <subfield code="a">Art, Modern</subfield>
      <subfield code="y">20th century</subfield>
      <subfield code="x">Catalogs.</subfield>
    </datafield>
    <datafield tag="650" ind1=" " ind2="0">
      <subfield code="a">Art</subfield>
      <subfield code="y">21st century</subfield>
      <subfield code="x">Catalogs.</subfield>
    </datafield>
    <datafield tag="650" ind1=" " ind2="0">
      <subfield code="a">Digital art</subfield>
      <subfield code="x">Exhibitions.</subfield>
    </datafield>
    <datafield tag="700" ind1="1" ind2=" ">
      <subfield code="a">Grzonka, Patricia</subfield>
    </datafield>
    <datafield tag="700" ind1="1" ind2=" ">
      <subfield code="a">Klösel, Linda</subfield>
    </datafield>
    <datafield tag="710" ind1="2" ind2=" ">
      <subfield code="a">MuseumsQuartier Errichtungs- und BetriebsgesmbH (Wien)</subfield>
    </datafield>
    <datafield tag="852" ind1=" " ind2=" ">
      <subfield code="a">D1</subfield>
      <subfield code="b">D1/OE</subfield>
      <subfield code="x">bibDEK00620176</subfield>
    </datafield>
  </record>