
  <record>
    <leader>00343nam  2200133 i 4500</leader>
    <controlfield tag="001">MOKKAS0003851764  </controlfield>
    <controlfield tag="005">20060616105355.0</controlfield>
    <controlfield tag="008">060220 1968    gw            000   ger  </controlfield>
    <datafield tag="035" ind1=" " ind2=" ">
      <subfield code="a">bibJAT00660421</subfield>
    </datafield>
    <datafield tag="040" ind1=" " ind2=" ">
      <subfield code="a">SZTE</subfield>
    </datafield>
    <datafield tag="100" ind1="1" ind2=" ">
      <subfield code="a">Steinhaus, Hugo</subfield>
    </datafield>
    <datafield tag="245" ind1="1" ind2="0">
      <subfield code="a">100 Aufgaben /</subfield>
      <subfield code="c">Steinhaus, Hugo</subfield>
    </datafield>
    <datafield tag="260" ind1=" " ind2=" ">
      <subfield code="a">Leipzig,</subfield>
      <subfield code="c">1968</subfield>
    </datafield>
    <datafield tag="852" ind1=" " ind2=" ">
      <subfield code="a">SZ1</subfield>
      <subfield code="b">SZ1</subfield>
      <subfield code="x">bibJAT00660421</subfield>
    </datafield>
  </record>