
  <record>
    <leader>00436cam  22001337  4500</leader>
    <controlfield tag="001">MOKKAZ0004483275  </controlfield>
    <controlfield tag="005">20040910073547.0</controlfield>
    <controlfield tag="008">      s1940                        und d</controlfield>
    <datafield tag="035" ind1=" " ind2=" ">
      <subfield code="a">bibFSZ00329462</subfield>
    </datafield>
    <datafield tag="040" ind1=" " ind2=" ">
      <subfield code="a">FSZEK</subfield>
    </datafield>
    <datafield tag="245" ind1="0" ind2="0">
      <subfield code="a">100 Aufgaben zum Übersetzen aus d. deutschen ins französische /</subfield>
      <subfield code="c">Ausgew. u. erläutert von K. Teubner</subfield>
    </datafield>
    <datafield tag="260" ind1=" " ind2=" ">
      <subfield code="a">[S.l.] :</subfield>
      <subfield code="b">[S.n.],</subfield>
      <subfield code="c">1940</subfield>
    </datafield>
    <datafield tag="700" ind1="1" ind2=" ">
      <subfield code="a">Teubner, Karl</subfield>
      <subfield code="4">összeáll.</subfield>
    </datafield>
    <datafield tag="852" ind1=" " ind2=" ">
      <subfield code="a">B10</subfield>
      <subfield code="b">B10</subfield>
      <subfield code="x">bibFSZ00329462</subfield>
    </datafield>
  </record>