
  <record>
    <leader>00649ncm  2200181 i 4500</leader>
    <controlfield tag="001">MOKKAN0004964474  </controlfield>
    <controlfield tag="005">20071114160813.0</controlfield>
    <controlfield tag="008">070906n19??    ge                  ger d</controlfield>
    <datafield tag="028" ind1="3" ind2="0">
      <subfield code="a">A.J.B 4215</subfield>
      <subfield code="b">Anton J. Benjamin, Hamburg</subfield>
    </datafield>
    <datafield tag="035" ind1=" " ind2=" ">
      <subfield code="a">bibDEK00652273</subfield>
    </datafield>
    <datafield tag="040" ind1=" " ind2=" ">
      <subfield code="a">DEENK</subfield>
    </datafield>
    <datafield tag="041" ind1=" " ind2=" ">
      <subfield code="a">ger</subfield>
    </datafield>
    <datafield tag="245" ind1="0" ind2="0">
      <subfield code="a">100 Ausgewählte Volkslieder I.</subfield>
      <subfield code="h">[Nyomtatott kotta] :</subfield>
      <subfield code="b">aus alter und neuer Zeit für eine Singstimme zur laute oder Gitarre /</subfield>
      <subfield code="c">Ausg. Alberto Bracony</subfield>
    </datafield>
    <datafield tag="254" ind1=" " ind2=" ">
      <subfield code="a">Szóló (ének)</subfield>
    </datafield>
    <datafield tag="260" ind1=" " ind2=" ">
      <subfield code="a">Hamburg :</subfield>
      <subfield code="b">Anton J. Benjamin,</subfield>
      <subfield code="c">[s. a]</subfield>
    </datafield>
    <datafield tag="300" ind1=" " ind2=" ">
      <subfield code="a">56 p. ;</subfield>
      <subfield code="c">32 cm</subfield>
    </datafield>
    <datafield tag="695" ind1=" " ind2=" ">
      <subfield code="a">vokális zene</subfield>
      <subfield code="x">dalok (gitár kísérettel)</subfield>
    </datafield>
    <datafield tag="852" ind1=" " ind2=" ">
      <subfield code="a">D1</subfield>
      <subfield code="b">D1/Z</subfield>
      <subfield code="x">bibDEK00652273</subfield>
    </datafield>
  </record>