
  <record>
    <leader>00674cam  22002057  4500</leader>
    <controlfield tag="001">MOKKAZ0004378631  </controlfield>
    <controlfield tag="005">20040910064242.0</controlfield>
    <controlfield tag="008">      s1931                        ger d</controlfield>
    <datafield tag="035" ind1=" " ind2=" ">
      <subfield code="a">bibFSZ00224670</subfield>
    </datafield>
    <datafield tag="040" ind1=" " ind2=" ">
      <subfield code="a">FSZEK</subfield>
    </datafield>
    <datafield tag="245" ind1="0" ind2="0">
      <subfield code="a">100 Autoren gegen Einstein /</subfield>
      <subfield code="c">hg. von Hans Israel, Erich Ruckhaber, Rudolf Weinmann</subfield>
    </datafield>
    <datafield tag="260" ind1=" " ind2=" ">
      <subfield code="a">Leipzig :</subfield>
      <subfield code="b">Voigtländer,</subfield>
      <subfield code="c">1931</subfield>
    </datafield>
    <datafield tag="300" ind1=" " ind2=" ">
      <subfield code="a">104 p.</subfield>
    </datafield>
    <datafield tag="500" ind1=" " ind2=" ">
      <subfield code="a">Bibliogr.: p. 75-75.</subfield>
    </datafield>
    <datafield tag="680" ind1=" " ind2="1">
      <subfield code="a">Abszolutizmus és relativizmus / ismeretelmélet</subfield>
    </datafield>
    <datafield tag="680" ind1=" " ind2="1">
      <subfield code="x">1 </subfield>
      <subfield code="x">Einstein, Albert</subfield>
      <subfield code="a">tanulmány</subfield>
    </datafield>
    <datafield tag="700" ind1="1" ind2=" ">
      <subfield code="a">Israel, Hans</subfield>
      <subfield code="4">szerk.</subfield>
    </datafield>
    <datafield tag="700" ind1="1" ind2=" ">
      <subfield code="a">Ruckhaber, Erich</subfield>
      <subfield code="4">szerk.</subfield>
    </datafield>
    <datafield tag="700" ind1="1" ind2=" ">
      <subfield code="a">Weinmann, Rudolf</subfield>
      <subfield code="4">szerk.</subfield>
    </datafield>
    <datafield tag="852" ind1=" " ind2=" ">
      <subfield code="a">B10</subfield>
      <subfield code="b">0801</subfield>
      <subfield code="x">bibFSZ00224670</subfield>
    </datafield>
  </record>