
  <record>
    <leader>00376cam  22001337  4500</leader>
    <controlfield tag="001">MOKKAZ0004399501  </controlfield>
    <controlfield tag="005">20040910065315.0</controlfield>
    <controlfield tag="008">      s1970                        und d</controlfield>
    <datafield tag="035" ind1=" " ind2=" ">
      <subfield code="a">bibFSZ00245564</subfield>
    </datafield>
    <datafield tag="040" ind1=" " ind2=" ">
      <subfield code="a">FSZEK</subfield>
    </datafield>
    <datafield tag="100" ind1="1" ind2=" ">
      <subfield code="a">Schmarbeck, Wolfgang</subfield>
    </datafield>
    <datafield tag="245" ind1="1" ind2="0">
      <subfield code="a">100 Auto-Museen in Europa /</subfield>
      <subfield code="c">Wolfgang Schmarbeck</subfield>
    </datafield>
    <datafield tag="260" ind1=" " ind2=" ">
      <subfield code="a">[S.l.] :</subfield>
      <subfield code="b">[S.n.],</subfield>
      <subfield code="c">1970</subfield>
    </datafield>
    <datafield tag="852" ind1=" " ind2=" ">
      <subfield code="a">B10</subfield>
      <subfield code="b">0801</subfield>
      <subfield code="x">bibFSZ00245564</subfield>
    </datafield>
  </record>