
  <record>
    <leader>00487nam  2200169 i 4500</leader>
    <controlfield tag="001">MOKKAS0003580072  </controlfield>
    <controlfield tag="005">20060606110314.0</controlfield>
    <controlfield tag="008">050715s1966                        rus d</controlfield>
    <datafield tag="035" ind1=" " ind2=" ">
      <subfield code="a">773122</subfield>
    </datafield>
    <datafield tag="040" ind1=" " ind2=" ">
      <subfield code="a">OIK</subfield>
    </datafield>
    <datafield tag="041" ind1="0" ind2=" ">
      <subfield code="a">rus</subfield>
    </datafield>
    <datafield tag="100" ind1="1" ind2=" ">
      <subfield code="a">Entelis, Leonid Arnol'dovič</subfield>
    </datafield>
    <datafield tag="245" ind1="1" ind2="0">
      <subfield code="a">100 baletnyh libretto /</subfield>
      <subfield code="c">[sost. ... L. A. Éntelis]</subfield>
    </datafield>
    <datafield tag="260" ind1=" " ind2=" ">
      <subfield code="a">Moskva ; Leningrad :</subfield>
      <subfield code="b">Muzyka,</subfield>
      <subfield code="c">1966</subfield>
    </datafield>
    <datafield tag="300" ind1=" " ind2=" ">
      <subfield code="a">303 p., [32] t. :</subfield>
      <subfield code="b">ill., fotók ;</subfield>
      <subfield code="c">21 cm</subfield>
    </datafield>
    <datafield tag="500" ind1=" " ind2=" ">
      <subfield code="a">Cirill betűs</subfield>
    </datafield>
    <datafield tag="852" ind1=" " ind2=" ">
      <subfield code="a">B14</subfield>
      <subfield code="b">B14</subfield>
      <subfield code="x">773122</subfield>
    </datafield>
  </record>