
  <record>
    <leader>00394nam  2200157 i 4500</leader>
    <controlfield tag="001">MOKKAS0003571613  </controlfield>
    <controlfield tag="005">20060606093447.0</controlfield>
    <controlfield tag="008">050715s1971                            d</controlfield>
    <datafield tag="035" ind1=" " ind2=" ">
      <subfield code="a">744653</subfield>
    </datafield>
    <datafield tag="040" ind1=" " ind2=" ">
      <subfield code="a">OIK</subfield>
    </datafield>
    <datafield tag="100" ind1="1" ind2=" ">
      <subfield code="a">Entelis, Leonid Arnol'dovič</subfield>
    </datafield>
    <datafield tag="245" ind1="1" ind2="0">
      <subfield code="a">100 baletnyh libretto</subfield>
    </datafield>
    <datafield tag="260" ind1=" " ind2=" ">
      <subfield code="a">Leningrad :</subfield>
      <subfield code="b">Muzyka,</subfield>
      <subfield code="c">1971</subfield>
    </datafield>
    <datafield tag="300" ind1=" " ind2=" ">
      <subfield code="a">303 p.</subfield>
    </datafield>
    <datafield tag="500" ind1=" " ind2=" ">
      <subfield code="a">Cirill betűs</subfield>
    </datafield>
    <datafield tag="852" ind1=" " ind2=" ">
      <subfield code="a">B14</subfield>
      <subfield code="b">B14</subfield>
      <subfield code="x">744653</subfield>
    </datafield>
  </record>