
  <record>
    <leader>00265nam  2200109 i 4500</leader>
    <controlfield tag="001">MOKKAS0001332887  </controlfield>
    <controlfield tag="005">20060112231031.0</controlfield>
    <controlfield tag="008">      b        hu            00010 hun d</controlfield>
    <datafield tag="035" ind1=" " ind2=" ">
      <subfield code="a">bibRFK00159964</subfield>
    </datafield>
    <datafield tag="040" ind1=" " ind2=" ">
      <subfield code="a">RFMK</subfield>
    </datafield>
    <datafield tag="245" ind1="0" ind2="0">
      <subfield code="a">100 baromfi-recept</subfield>
    </datafield>
    <datafield tag="852" ind1=" " ind2=" ">
      <subfield code="a">M2</subfield>
      <subfield code="b">M2</subfield>
      <subfield code="x">bibRFK00159964</subfield>
    </datafield>
  </record>