
  <record>
    <leader>00592fam  2200205 i 4500</leader>
    <controlfield tag="001">MOKKAZ0006454746  </controlfield>
    <controlfield tag="005">20040915203423.0</controlfield>
    <controlfield tag="008">030130t20022002hu            001 0 hun d</controlfield>
    <datafield tag="020" ind1=" " ind2=" ">
      <subfield code="a">963-9452-36-X (fűzött)</subfield>
    </datafield>
    <datafield tag="035" ind1=" " ind2=" ">
      <subfield code="a">949437</subfield>
    </datafield>
    <datafield tag="040" ind1=" " ind2=" ">
      <subfield code="a">OSZK</subfield>
    </datafield>
    <datafield tag="041" ind1="0" ind2=" ">
      <subfield code="a">hunhun</subfield>
    </datafield>
    <datafield tag="100" ind1="1" ind2=" ">
      <subfield code="a">Bozsik Valéria</subfield>
      <subfield code="d">(1932-)</subfield>
    </datafield>
    <datafield tag="245" ind1="1" ind2="0">
      <subfield code="a">100 baromfirecept /</subfield>
      <subfield code="c">Bozsik Valéria.</subfield>
    </datafield>
    <datafield tag="260" ind1=" " ind2=" ">
      <subfield code="a">[Tyukod] :</subfield>
      <subfield code="b">Black &amp; White,</subfield>
      <subfield code="c">cop. 2002</subfield>
      <subfield code="e">([Debrecen]</subfield>
      <subfield code="f">Kinizsi)</subfield>
    </datafield>
    <datafield tag="300" ind1=" " ind2=" ">
      <subfield code="a">94 p. ;</subfield>
      <subfield code="c">20 cm</subfield>
    </datafield>
    <datafield tag="650" ind1=" " ind2="4">
      <subfield code="a">Szakácsművészet (baromfi)</subfield>
    </datafield>
    <datafield tag="650" ind1=" " ind2="0">
      <subfield code="a">Cookery (Poultry).</subfield>
    </datafield>
    <datafield tag="852" ind1=" " ind2=" ">
      <subfield code="a">B1</subfield>
      <subfield code="b">B1</subfield>
      <subfield code="x">949437</subfield>
    </datafield>
    <datafield tag="852" ind1=" " ind2=" ">
      <subfield code="a">D1</subfield>
      <subfield code="b">D1</subfield>
      <subfield code="x">949437</subfield>
    </datafield>
  </record>