
  <record>
    <leader>00733njm  2200181   4500</leader>
    <controlfield tag="001">MOKKAN0004238188  </controlfield>
    <controlfield tag="005">20070408032731.0</controlfield>
    <controlfield tag="008">000211s2002                        und d</controlfield>
    <datafield tag="028" ind1=" " ind2=" ">
      <subfield code="a">TCD 2663</subfield>
    </datafield>
    <datafield tag="035" ind1=" " ind2=" ">
      <subfield code="a">bibFSZ1043360</subfield>
    </datafield>
    <datafield tag="040" ind1=" " ind2=" ">
      <subfield code="a">FSZEK</subfield>
    </datafield>
    <datafield tag="245" ind1="0" ind2="0">
      <subfield code="a">100 % belly dance</subfield>
      <subfield code="h">[Hangfelvétel] :</subfield>
      <subfield code="b">the magic of oriental music /</subfield>
      <subfield code="c">Hamdy Said [et al.]</subfield>
    </datafield>
    <datafield tag="260" ind1=" " ind2=" ">
      <subfield code="a">Cairo :</subfield>
      <subfield code="b">Pyramedia,</subfield>
      <subfield code="c">cop. 2002</subfield>
    </datafield>
    <datafield tag="300" ind1=" " ind2=" ">
      <subfield code="a">1 CD (70 min 40 s) :</subfield>
      <subfield code="b">ADD ;</subfield>
      <subfield code="c">12 cm +</subfield>
      <subfield code="e">1 t.</subfield>
    </datafield>
    <datafield tag="505" ind1="0" ind2="0">
      <subfield code="t">Egyptian queen ;</subfield>
      <subfield code="t">Nile rhythms ;</subfield>
      <subfield code="t">Kalthoumiat ;</subfield>
      <subfield code="t">Habibi hawaya ;</subfield>
      <subfield code="t">Etawet alek ;</subfield>
      <subfield code="t">Zeina ;</subfield>
      <subfield code="t">Rakasni yalla ;</subfield>
      <subfield code="t">Eshk elhob ;</subfield>
      <subfield code="t">Agmal haga ;</subfield>
      <subfield code="t">Anphora ;</subfield>
      <subfield code="t">Enta omri ;</subfield>
      <subfield code="t">Haleemiat ;</subfield>
      <subfield code="t">Alf leila</subfield>
    </datafield>
    <datafield tag="695" ind1=" " ind2="1">
      <subfield code="a">hastánc zene</subfield>
    </datafield>
    <datafield tag="700" ind1="1" ind2=" ">
      <subfield code="a">Said, Hamdy</subfield>
      <subfield code="4">közrem.</subfield>
    </datafield>
    <datafield tag="852" ind1=" " ind2=" ">
      <subfield code="a">B10</subfield>
      <subfield code="b">B10</subfield>
      <subfield code="x">bibFSZ1043360</subfield>
    </datafield>
  </record>