
  <record>
    <leader>01869njm  2200205 i 4500</leader>
    <controlfield tag="001">MOKKAS0001019130  </controlfield>
    <controlfield tag="005">20051215160645.0</controlfield>
    <controlfield tag="008">050903s2003    hu            00010 hun d</controlfield>
    <datafield tag="028" ind1="0" ind2="0">
      <subfield code="a">HCD 71164</subfield>
    </datafield>
    <datafield tag="035" ind1=" " ind2=" ">
      <subfield code="a">bibBKO00096266</subfield>
    </datafield>
    <datafield tag="040" ind1=" " ind2=" ">
      <subfield code="a">BMK</subfield>
    </datafield>
    <datafield tag="245" ind1="0" ind2="0">
      <subfield code="a">100 % blues</subfield>
      <subfield code="h">[Hangfelvétel]</subfield>
    </datafield>
    <datafield tag="260" ind1=" " ind2=" ">
      <subfield code="a">[Budapest] :</subfield>
      <subfield code="b">Hungaroton,</subfield>
      <subfield code="c">2003</subfield>
    </datafield>
    <datafield tag="300" ind1=" " ind2=" ">
      <subfield code="a">1 db CD lemez +</subfield>
      <subfield code="e">1 db</subfield>
    </datafield>
    <datafield tag="306" ind1=" " ind2=" ">
      <subfield code="a">65 min 24 s</subfield>
    </datafield>
    <datafield tag="504" ind1=" " ind2=" ">
      <subfield code="a">Az eredeti felvételek digitálisan újrakeverve</subfield>
    </datafield>
    <datafield tag="505" ind1="0" ind2="0">
      <subfield code="g">1.</subfield>
      <subfield code="t">Szegény ember blues /</subfield>
      <subfield code="r">Gál Gábor, Takáts Tamás ; Takáts Tamás DBB--</subfield>
      <subfield code="g">2.</subfield>
      <subfield code="t">Topis blues /</subfield>
      <subfield code="r">Nagy Feró ; Beatrice--</subfield>
      <subfield code="g">3.</subfield>
      <subfield code="t">Kőbánya blues /</subfield>
      <subfield code="r">Póka Egon, Deák Bill Gyula, Földes László ; Deák Bill Gyula ; közrem. Hobo Blues Band--</subfield>
      <subfield code="g">4.</subfield>
      <subfield code="t">Közép-Európai Hobo Blues No. 2 /</subfield>
      <subfield code="r">Póka Egon, Földes László ; Hobo Blues Band--</subfield>
      <subfield code="g">5.</subfield>
      <subfield code="t">Közép-Európai Hobo Blues No. 3 /</subfield>
      <subfield code="r">Póka Egon, Tátrai Tibor, Deák Bill Gyula, Földes László ; Deák Bill Gyula [et al.]--</subfield>
      <subfield code="g">6.</subfield>
      <subfield code="t">Sziszifuszi blues /</subfield>
      <subfield code="r">Presser Gábor, Sztevanovity Dusán ; LGT--</subfield>
      <subfield code="g">7.</subfield>
      <subfield code="t">Rolling Stones blues /</subfield>
      <subfield code="r">Póka Egon, Földes László ; Hobo Blues Band--</subfield>
      <subfield code="g">8.</subfield>
      <subfield code="t">Békés express blues /</subfield>
      <subfield code="r">Berki Tamás ; Berki Team--</subfield>
      <subfield code="g">9.</subfield>
      <subfield code="t">Füstös éjszaka blues /</subfield>
      <subfield code="r">Zámbó Imre, Horváth Attila ; Zámbó Jimmy--</subfield>
      <subfield code="g">10.</subfield>
      <subfield code="t">3:20-as blues /</subfield>
      <subfield code="r">Póka Egon, Földes László ; Hobo Blues Band--</subfield>
      <subfield code="g">11.</subfield>
      <subfield code="t">A szerény macskafarka blues /</subfield>
      <subfield code="r">Tátrai Tibor ; Tátrai Tibor git.--</subfield>
      <subfield code="g">12.</subfield>
      <subfield code="t">Banális blues /</subfield>
      <subfield code="r">Presser Gábor ; LGT--</subfield>
      <subfield code="g">13.</subfield>
      <subfield code="t">Országút blues /</subfield>
      <subfield code="r">Pálmai Zoltán, Deák Bill Gyula, Földes László ; Hobo Blues Band--</subfield>
      <subfield code="g">14.</subfield>
      <subfield code="t">Szalmonella blues /</subfield>
      <subfield code="r">Vas Zoltán, Muszty Bea, Dobay András ; Muszta Bea, Dobay András é., git.--</subfield>
      <subfield code="g">15.</subfield>
      <subfield code="t">Alkohol blues /</subfield>
      <subfield code="r">Zeffer András, Kékesi László [et al.] ; P. Mobil--</subfield>
      <subfield code="g">16.</subfield>
      <subfield code="t">Mindhalálig blues /</subfield>
      <subfield code="r">Deák Bill Gyula, Jenei Szilveszter [et al.] ; Deák Bill Gyula</subfield>
    </datafield>
    <datafield tag="650" ind1=" " ind2="5">
      <subfield code="a">popzene</subfield>
    </datafield>
    <datafield tag="650" ind1=" " ind2="5">
      <subfield code="a">rockzene</subfield>
    </datafield>
    <datafield tag="852" ind1=" " ind2=" ">
      <subfield code="a">BCS1</subfield>
      <subfield code="b">BCS1</subfield>
      <subfield code="x">bibBKO00096266</subfield>
    </datafield>
  </record>