
  <record>
    <leader>01025njm  2200205 i 4500</leader>
    <controlfield tag="001">MOKKAZ0003746736  </controlfield>
    <controlfield tag="005">20040909215445.0</controlfield>
    <controlfield tag="008">030829s2003    hu   nn          1  hun d</controlfield>
    <datafield tag="028" ind1=" " ind2=" ">
      <subfield code="a">HCD 71164</subfield>
      <subfield code="b">Hungaroton</subfield>
    </datafield>
    <datafield tag="028" ind1=" " ind2=" ">
      <subfield code="a">HCD 71164</subfield>
      <subfield code="b">Hungaroton</subfield>
    </datafield>
    <datafield tag="035" ind1=" " ind2=" ">
      <subfield code="a">bibKLT00337834</subfield>
    </datafield>
    <datafield tag="040" ind1=" " ind2=" ">
      <subfield code="a">DEENK</subfield>
    </datafield>
    <datafield tag="041" ind1=" " ind2=" ">
      <subfield code="d">hun</subfield>
      <subfield code="g">hun</subfield>
    </datafield>
    <datafield tag="245" ind1="0" ind2="0">
      <subfield code="a">100% blues</subfield>
      <subfield code="h">[Hgf.]</subfield>
    </datafield>
    <datafield tag="260" ind1=" " ind2=" ">
      <subfield code="a">[Hungary] :</subfield>
      <subfield code="b">Hungaroton,</subfield>
      <subfield code="c">2003</subfield>
    </datafield>
    <datafield tag="300" ind1=" " ind2=" ">
      <subfield code="a">1 CD ;</subfield>
      <subfield code="c">12 cm +</subfield>
      <subfield code="e">melléklet</subfield>
    </datafield>
    <datafield tag="505" ind1="0" ind2="0">
      <subfield code="t">Szegényember blues +</subfield>
      <subfield code="t">Topis blues +</subfield>
      <subfield code="t">Kőbánya blues +</subfield>
      <subfield code="t">Közép-európai hobo blues no.2 +</subfield>
      <subfield code="t">Közép-európai hobo blues no.3 +</subfield>
      <subfield code="t">Sziszifuszi blues +</subfield>
      <subfield code="t">Rolling Stones blues +</subfield>
      <subfield code="t">Békés express blues +</subfield>
      <subfield code="t">Füstös éjszaka blues +</subfield>
      <subfield code="t">3.20-as blues +</subfield>
      <subfield code="t">Szerény macskafarka blues +</subfield>
      <subfield code="t">Banális blues +</subfield>
      <subfield code="t">Országút blues +</subfield>
      <subfield code="t">Szalmonella blues +</subfield>
      <subfield code="t">Alkohol blues +</subfield>
      <subfield code="t">Mindhalálig blues</subfield>
    </datafield>
    <datafield tag="511" ind1="2" ind2=" ">
      <subfield code="a">Takáts Tamás DBB ; Beatrice ; Deák Bill Gyula ; Hobo Blues Band ; LGT ; Berki Team ; Zámbó Jimmy ; Tátrai Tibor ; Muszty-Dobay ; P.Mobil</subfield>
    </datafield>
    <datafield tag="695" ind1=" " ind2=" ">
      <subfield code="a">blues</subfield>
    </datafield>
    <datafield tag="852" ind1=" " ind2=" ">
      <subfield code="a">D1</subfield>
      <subfield code="b">D1/Z</subfield>
      <subfield code="x">bibKLT00337834</subfield>
    </datafield>
  </record>