
  <record>
    <leader>02550njm  2200253 ir4500</leader>
    <controlfield tag="001">MOKKAS0001567347  </controlfield>
    <controlfield tag="005">20060113211719.0</controlfield>
    <controlfield tag="008">050903s1995    hu            00010 eng d</controlfield>
    <datafield tag="028" ind1="0" ind2="0">
      <subfield code="a">VAR021 - VAR024</subfield>
    </datafield>
    <datafield tag="035" ind1=" " ind2=" ">
      <subfield code="a">bibVFK00003737</subfield>
    </datafield>
    <datafield tag="040" ind1=" " ind2=" ">
      <subfield code="a">VFMK</subfield>
    </datafield>
    <datafield tag="245" ind1="0" ind2="0">
      <subfield code="a">100 Blues 'n' soul greats</subfield>
      <subfield code="h">[Hangfelvétel] /</subfield>
      <subfield code="c">John Lee Hooker [és mások]</subfield>
    </datafield>
    <datafield tag="260" ind1=" " ind2=" ">
      <subfield code="a">[s.l.] :</subfield>
      <subfield code="b">Tring Int. Plc.,</subfield>
      <subfield code="c">cop. [1995?]</subfield>
    </datafield>
    <datafield tag="300" ind1=" " ind2=" ">
      <subfield code="a">4 db CD :</subfield>
      <subfield code="b">sztereó ;</subfield>
      <subfield code="c">12 cm</subfield>
    </datafield>
    <datafield tag="306" ind1=" " ind2=" ">
      <subfield code="a">288 min 50 s</subfield>
    </datafield>
    <datafield tag="504" ind1=" " ind2=" ">
      <subfield code="a">Cím-, szerzőségi és ea. adatok kieg. a borítóról</subfield>
    </datafield>
    <datafield tag="504" ind1=" " ind2=" ">
      <subfield code="a">Válogatás</subfield>
    </datafield>
    <datafield tag="505" ind1="0" ind2="0">
      <subfield code="g">1.</subfield>
      <subfield code="r">[ea.] John Lee Hooker, git., é.--</subfield>
      <subfield code="g">2.</subfield>
      <subfield code="r">[ea.] Howlin' Wolf, é.--</subfield>
      <subfield code="g">3.</subfield>
      <subfield code="t">Nothin' from nothin' blues /</subfield>
      <subfield code="r">[ea.] Joe Turner, é.--</subfield>
      <subfield code="g">4.</subfield>
      <subfield code="r">[ea.] Billie Holiday, é.--</subfield>
      <subfield code="g">5.</subfield>
      <subfield code="r">[ea.] Muddy Waters, é.--</subfield>
      <subfield code="g">6.</subfield>
      <subfield code="r">[ea.] Gatemouth Moore, é.--</subfield>
      <subfield code="g">7.</subfield>
      <subfield code="r">[ea.] Roy Milton. é.--</subfield>
      <subfield code="g">8.</subfield>
      <subfield code="r">[ea.] B. B. King, é.--</subfield>
      <subfield code="g">9.</subfield>
      <subfield code="t">I'm leaving you now /</subfield>
      <subfield code="r">[ea.] Lightnin' Hopkins, é.--</subfield>
      <subfield code="g">10.</subfield>
      <subfield code="t">Poor Howard green corn /</subfield>
      <subfield code="r">[ea.] Leadbelly, é.--</subfield>
      <subfield code="g">11.</subfield>
      <subfield code="r">[ea.] Elmore James, é.--</subfield>
      <subfield code="g">12.</subfield>
      <subfield code="t">Say /</subfield>
      <subfield code="r">[ea.] Joe Simon, é.--</subfield>
      <subfield code="g">13.</subfield>
      <subfield code="r">[ea.] Howlin' Wolf, é.--</subfield>
      <subfield code="g">14.</subfield>
      <subfield code="r">[ea.] John Lee Hooker, é.--</subfield>
      <subfield code="g">15.</subfield>
      <subfield code="r">[ea.] Billie Holiday, é.--</subfield>
      <subfield code="g">16.</subfield>
      <subfield code="r">[ea.] Muddy Waters, é.--</subfield>
      <subfield code="g">17.</subfield>
      <subfield code="r">[ea.] Gatemouth Moore, é.--</subfield>
      <subfield code="g">18.</subfield>
      <subfield code="r">[ea.] Lightnin' Hopkins, é.--</subfield>
      <subfield code="g">19.</subfield>
      <subfield code="r">[ea.] B. B. King, é.--</subfield>
      <subfield code="g">20.</subfield>
      <subfield code="r">[ea.] Leadbelly, é.--</subfield>
      <subfield code="g">21.</subfield>
      <subfield code="t">Look on Yonder wall /</subfield>
      <subfield code="r">[ea.] Elmore James, é.--</subfield>
      <subfield code="g">22.</subfield>
      <subfield code="t">Information blues /</subfield>
      <subfield code="r">[ea.] Roy Milton, é.--</subfield>
      <subfield code="g">23.</subfield>
      <subfield code="t">Little rain /</subfield>
      <subfield code="r">[ea.] Jimmy Reed, é.--</subfield>
      <subfield code="g">24.</subfield>
      <subfield code="r">[ea.] Muddy Waters, é.--</subfield>
      <subfield code="g">25.</subfield>
      <subfield code="r">[ea.] John Lee Hooker, é.--</subfield>
      <subfield code="g">26.</subfield>
      <subfield code="r">[ea.] Howlin' Wolf, é.--</subfield>
      <subfield code="g">27.</subfield>
      <subfield code="r">[ea.] Billie Holiday, é.--</subfield>
      <subfield code="g">28.</subfield>
      <subfield code="r">[ea.] Gatemouth Moore, é.--</subfield>
      <subfield code="g">29.</subfield>
      <subfield code="t">Mojo hand /</subfield>
      <subfield code="r">[ea.] Lightnin' Hopkins, é.--</subfield>
      <subfield code="g">30.</subfield>
      <subfield code="r">[ea.] Leadbelly, é.--</subfield>
      <subfield code="g">31.</subfield>
      <subfield code="r">[ea.] Ray Charles, é.--</subfield>
      <subfield code="g">32.</subfield>
      <subfield code="t">Wee baby blues /</subfield>
      <subfield code="r">[ea.] Joe Turner, é.--</subfield>
      <subfield code="g">33.</subfield>
      <subfield code="t">It hurts me too /</subfield>
      <subfield code="r">[ea.] Elmore James, é.--</subfield>
      <subfield code="g">34.</subfield>
      <subfield code="t">Everyday /</subfield>
      <subfield code="r">[ea.] B. B. King, é.--</subfield>
      <subfield code="g">35.</subfield>
      <subfield code="t">Mean old world /</subfield>
      <subfield code="r">[ea.] Little Walter, é.--</subfield>
      <subfield code="g">36.</subfield>
      <subfield code="t">Where can you be /</subfield>
      <subfield code="r">[ea.] Jimmy Reed, é.--</subfield>
      <subfield code="g">37.</subfield>
      <subfield code="r">[ea.] John Lee Hooker, git., é.--</subfield>
      <subfield code="g">38.</subfield>
      <subfield code="r">[ea.] Billie Holiday, é.--</subfield>
      <subfield code="g">39.</subfield>
      <subfield code="t">Hold onto your money /</subfield>
      <subfield code="r">[ea.] Howlin' Wolf, é.--</subfield>
      <subfield code="g">40.</subfield>
      <subfield code="r">[ea.] B. B. King, é.--</subfield>
      <subfield code="g">41.</subfield>
      <subfield code="r">[ea.] Lightnin' Hopkins, é.--</subfield>
      <subfield code="g">42.</subfield>
      <subfield code="r">[ea.] Gatemouth Moore, é.--</subfield>
      <subfield code="g">43.</subfield>
      <subfield code="r">[ea.] Ray Charles, é.--</subfield>
      <subfield code="g">44.</subfield>
      <subfield code="r">[ea.] Leadbelly, é.--</subfield>
      <subfield code="g">45.</subfield>
      <subfield code="t">I got a big fat mama /</subfield>
      <subfield code="r">[ea.] Roy Milton. é.--</subfield>
      <subfield code="g">46.</subfield>
      <subfield code="t">Coming home /</subfield>
      <subfield code="r">[ea.] Elmore James, é.--</subfield>
      <subfield code="g">47.</subfield>
      <subfield code="r">[ea.] Muddy Waters, é.</subfield>
    </datafield>
    <datafield tag="650" ind1=" " ind2="4">
      <subfield code="a">Amerikai</subfield>
    </datafield>
    <datafield tag="650" ind1=" " ind2="5">
      <subfield code="a">Jazz</subfield>
    </datafield>
    <datafield tag="650" ind1=" " ind2="5">
      <subfield code="a">Blues zene</subfield>
    </datafield>
    <datafield tag="650" ind1=" " ind2="5">
      <subfield code="a">Soul-zene</subfield>
    </datafield>
    <datafield tag="650" ind1=" " ind2="6">
      <subfield code="a">Jazz</subfield>
    </datafield>
    <datafield tag="852" ind1=" " ind2=" ">
      <subfield code="a">SZL1</subfield>
      <subfield code="b">SZL1</subfield>
      <subfield code="x">bibVFK00003737</subfield>
    </datafield>
  </record>