
  <record>
    <leader>00921njm  2200181   4500</leader>
    <controlfield tag="001">MOKKAZ0004745431  </controlfield>
    <controlfield tag="005">20040910095815.0</controlfield>
    <controlfield tag="008">000211s2003                        hun d</controlfield>
    <datafield tag="028" ind1=" " ind2=" ">
      <subfield code="a">HCD 71164</subfield>
    </datafield>
    <datafield tag="035" ind1=" " ind2=" ">
      <subfield code="a">bibFSZ933705</subfield>
    </datafield>
    <datafield tag="040" ind1=" " ind2=" ">
      <subfield code="a">FSZEK</subfield>
    </datafield>
    <datafield tag="245" ind1="0" ind2="0">
      <subfield code="a">100% blues</subfield>
      <subfield code="h">[Hangfelvétel] /</subfield>
      <subfield code="c">Takáts Tamás Dirty Blues Band [et al.]</subfield>
    </datafield>
    <datafield tag="260" ind1=" " ind2=" ">
      <subfield code="a">[Budapest] :</subfield>
      <subfield code="b">Hungaroton,</subfield>
      <subfield code="c">cop. 2003</subfield>
    </datafield>
    <datafield tag="300" ind1=" " ind2=" ">
      <subfield code="a">1 CD (65 min 26 s) ;</subfield>
      <subfield code="c">12 cm +</subfield>
      <subfield code="e">1 füz.</subfield>
    </datafield>
    <datafield tag="505" ind1="0" ind2="0">
      <subfield code="t">Szegény ember blues ;</subfield>
      <subfield code="t">Topis blues ;</subfield>
      <subfield code="t">Kőbánya blues ;</subfield>
      <subfield code="t">Közép-európai hobo blues No. 2 ;</subfield>
      <subfield code="t">Közép-európai hobo blues No. 3 ;</subfield>
      <subfield code="t">Sziszifuszi blues ;</subfield>
      <subfield code="t">Rolling Stones blues ;</subfield>
      <subfield code="t">Békés express blues ;</subfield>
      <subfield code="t">Füstös éjszaka blues ;</subfield>
      <subfield code="t">3.20-as blues ;</subfield>
      <subfield code="t">A szerény macskafarka blues ;</subfield>
      <subfield code="t">Banális blues ;</subfield>
      <subfield code="t">Országút blues ;</subfield>
      <subfield code="t">Szalmonella blues ;</subfield>
      <subfield code="t">Alkohol blues ;</subfield>
      <subfield code="t">Mindhalálig blues</subfield>
    </datafield>
    <datafield tag="695" ind1=" " ind2="1">
      <subfield code="a">blues</subfield>
    </datafield>
    <datafield tag="710" ind1="2" ind2=" ">
      <subfield code="a">Takáts Tamás Dirty Blues Band</subfield>
      <subfield code="4">közrem.</subfield>
    </datafield>
    <datafield tag="852" ind1=" " ind2=" ">
      <subfield code="a">B10</subfield>
      <subfield code="b">1308</subfield>
      <subfield code="x">bibFSZ933705</subfield>
    </datafield>
  </record>