
  <record>
    <leader>00848njm  2200181   4500</leader>
    <controlfield tag="001">MOKKAN0004234174  </controlfield>
    <controlfield tag="005">20070407214137.0</controlfield>
    <controlfield tag="008">991029s2004                        por d</controlfield>
    <datafield tag="028" ind1=" " ind2=" ">
      <subfield code="a">TCD 2765</subfield>
    </datafield>
    <datafield tag="035" ind1=" " ind2=" ">
      <subfield code="a">bibFSZ1032868</subfield>
    </datafield>
    <datafield tag="040" ind1=" " ind2=" ">
      <subfield code="a">FSZEK</subfield>
    </datafield>
    <datafield tag="245" ind1="0" ind2="0">
      <subfield code="a">100 % bossa nova</subfield>
      <subfield code="h">[Hangfelvétel] :</subfield>
      <subfield code="b">the sound of the Copa Cobana /</subfield>
      <subfield code="c">Stan Getz [et al.]</subfield>
    </datafield>
    <datafield tag="260" ind1=" " ind2=" ">
      <subfield code="a">[S.l.] :</subfield>
      <subfield code="b">[S.n.],</subfield>
      <subfield code="c">[2004]</subfield>
    </datafield>
    <datafield tag="300" ind1=" " ind2=" ">
      <subfield code="a">1 CD (62 min) ;</subfield>
      <subfield code="c">12 cm +</subfield>
      <subfield code="e">1 t.</subfield>
    </datafield>
    <datafield tag="505" ind1="0" ind2="0">
      <subfield code="t">Desafinado ;</subfield>
      <subfield code="t">Samba saravah ;</subfield>
      <subfield code="t">Garota de ipanema ;</subfield>
      <subfield code="t">Samba de veloso ;</subfield>
      <subfield code="t">Triste ;</subfield>
      <subfield code="t">Chega de saudade ;</subfield>
      <subfield code="t">A felicidade ;</subfield>
      <subfield code="t">Saudade vem correndo ;</subfield>
      <subfield code="t">Vailevando ;</subfield>
      <subfield code="t">Travessia ;</subfield>
      <subfield code="t">Agua de beber ;</subfield>
      <subfield code="t">Incerteza ;</subfield>
      <subfield code="t">Morena flor ;</subfield>
      <subfield code="t">Wave ;</subfield>
      <subfield code="t">Aguas de marco ;</subfield>
      <subfield code="t">Embola a bola ;</subfield>
      <subfield code="t">Carolina ;</subfield>
      <subfield code="t">Rapaz de bem ;</subfield>
      <subfield code="t">Corcovado</subfield>
    </datafield>
    <datafield tag="695" ind1=" " ind2="1">
      <subfield code="a">jazz</subfield>
    </datafield>
    <datafield tag="700" ind1="1" ind2=" ">
      <subfield code="a">Getz, Stan</subfield>
      <subfield code="c">(dzsesszzenész)</subfield>
      <subfield code="d">(1927-1991)</subfield>
      <subfield code="4">közrem.</subfield>
    </datafield>
    <datafield tag="852" ind1=" " ind2=" ">
      <subfield code="a">B10</subfield>
      <subfield code="b">B10</subfield>
      <subfield code="x">bibFSZ1032868</subfield>
    </datafield>
  </record>