
  <record>
    <leader>00706nam  2200217 i 4500</leader>
    <controlfield tag="001">MOKKAZ0004855387  </controlfield>
    <controlfield tag="005">20040910111009.0</controlfield>
    <controlfield tag="008">      s1997    gw            00010 ger d</controlfield>
    <datafield tag="020" ind1=" " ind2=" ">
      <subfield code="a">3 468 41112 X</subfield>
    </datafield>
    <datafield tag="035" ind1=" " ind2=" ">
      <subfield code="a">bibJPT00132237</subfield>
    </datafield>
    <datafield tag="040" ind1=" " ind2=" ">
      <subfield code="a">PTE</subfield>
    </datafield>
    <datafield tag="041" ind1="0" ind2=" ">
      <subfield code="a">ger</subfield>
      <subfield code="b">engfrespa</subfield>
    </datafield>
    <datafield tag="245" ind1="0" ind2="0">
      <subfield code="a">100 Briefe Deutsch für Export und Import /</subfield>
      <subfield code="c">Neubearb. von Birgit Abegg</subfield>
    </datafield>
    <datafield tag="260" ind1="0" ind2=" ">
      <subfield code="a">Berlin [etc.] :</subfield>
      <subfield code="b">Langenscheidt,</subfield>
      <subfield code="c">1997</subfield>
    </datafield>
    <datafield tag="300" ind1=" " ind2=" ">
      <subfield code="a">160 p. ;</subfield>
      <subfield code="c">21 cm</subfield>
    </datafield>
    <datafield tag="490" ind1="1" ind2=" ">
      <subfield code="a">(Langenscheidts Musterbriefe)</subfield>
    </datafield>
    <datafield tag="546" ind1=" " ind2=" ">
      <subfield code="a">Szakkifejezések angol, francia, spanyol nyelven</subfield>
    </datafield>
    <datafield tag="695" ind1=" " ind2=" ">
      <subfield code="a">Német nyelvkönyv, levelezés</subfield>
    </datafield>
    <datafield tag="700" ind1="1" ind2=" ">
      <subfield code="a">Abegg, Birgit</subfield>
    </datafield>
    <datafield tag="830" ind1=" " ind2="0">
      <subfield code="a">Langenscheidts Musterbriefe</subfield>
    </datafield>
    <datafield tag="852" ind1=" " ind2=" ">
      <subfield code="a">P1</subfield>
      <subfield code="B">P1/1L</subfield>
      <subfield code="b">P1/2N</subfield>
      <subfield code="x">bibJPT00132237</subfield>
    </datafield>
  </record>