
  <record>
    <leader>00612nam  2200181 i 4500</leader>
    <controlfield tag="001">MOKKAS0003297607  </controlfield>
    <controlfield tag="005">20060603205450.0</controlfield>
    <controlfield tag="008">050101s1991                            d</controlfield>
    <datafield tag="020" ind1=" " ind2=" ">
      <subfield code="a">3-468-41111-1</subfield>
    </datafield>
    <datafield tag="035" ind1=" " ind2=" ">
      <subfield code="a">378175</subfield>
    </datafield>
    <datafield tag="040" ind1=" " ind2=" ">
      <subfield code="a">KKMK</subfield>
    </datafield>
    <datafield tag="245" ind1="0" ind2="0">
      <subfield code="a">100 Briefe Deutsch für Export und Import /</subfield>
      <subfield code="c">neubearb. Wolfgang Manekeller</subfield>
    </datafield>
    <datafield tag="260" ind1=" " ind2=" ">
      <subfield code="a">München :</subfield>
      <subfield code="b">Langenscheidt KG,</subfield>
      <subfield code="c">1991</subfield>
    </datafield>
    <datafield tag="650" ind1=" " ind2="4">
      <subfield code="a">Kereskedelmi levelezés, német</subfield>
      <subfield code="x">kézikönyvek stb.</subfield>
    </datafield>
    <datafield tag="650" ind1=" " ind2="4">
      <subfield code="a">Német nyelv</subfield>
      <subfield code="x">üzleti német</subfield>
      <subfield code="x">kézikönyvek stb.</subfield>
    </datafield>
    <datafield tag="700" ind1="1" ind2="0">
      <subfield code="a">Manekeller Wolfgang</subfield>
      <subfield code="4">(neubearb.)</subfield>
    </datafield>
    <datafield tag="852" ind1=" " ind2=" ">
      <subfield code="a">GY1</subfield>
      <subfield code="b">GY1</subfield>
      <subfield code="x">378175</subfield>
    </datafield>
    <datafield tag="852" ind1=" " ind2=" ">
      <subfield code="a">SZK1</subfield>
      <subfield code="b">SZK1</subfield>
      <subfield code="x">bibTMK136388</subfield>
    </datafield>
  </record>