
  <record>
    <leader>00591nam  2200205 i 4500</leader>
    <controlfield tag="001">MOKKAW0005235248  </controlfield>
    <controlfield tag="005">20080404122927.0</controlfield>
    <controlfield tag="008">050714s1957                        ger d</controlfield>
    <datafield tag="035" ind1=" " ind2=" ">
      <subfield code="a">OIK458268</subfield>
    </datafield>
    <datafield tag="040" ind1=" " ind2=" ">
      <subfield code="a">OIK</subfield>
    </datafield>
    <datafield tag="041" ind1="0" ind2=" ">
      <subfield code="a">ger</subfield>
    </datafield>
    <datafield tag="245" ind1="1" ind2="0">
      <subfield code="a">100 Briefe Englisch für Export und Import /</subfield>
      <subfield code="c">Zgest. v. J. Libis</subfield>
    </datafield>
    <datafield tag="250" ind1=" " ind2=" ">
      <subfield code="a">12. Aufl</subfield>
    </datafield>
    <datafield tag="260" ind1=" " ind2=" ">
      <subfield code="a">Berlin</subfield>
      <subfield code="a">Schöneberg :</subfield>
      <subfield code="b">Langenscheidt KG,</subfield>
      <subfield code="c">1957</subfield>
    </datafield>
    <datafield tag="300" ind1=" " ind2=" ">
      <subfield code="a">139 p</subfield>
    </datafield>
    <datafield tag="650" ind1=" " ind2="4">
      <subfield code="a">Angol nyelvkönyvek</subfield>
    </datafield>
    <datafield tag="650" ind1=" " ind2="4">
      <subfield code="a">Kereskedelmi, üzleti levelezés</subfield>
    </datafield>
    <datafield tag="700" ind1="1" ind2=" ">
      <subfield code="a">Libis John</subfield>
      <subfield code="4">(összeáll)</subfield>
    </datafield>
    <datafield tag="852" ind1=" " ind2=" ">
      <subfield code="a">B14</subfield>
      <subfield code="b">B14</subfield>
      <subfield code="x">OIK458268</subfield>
    </datafield>
    <datafield tag="852" ind1=" " ind2=" ">
      <subfield code="a">B14</subfield>
      <subfield code="b">B14</subfield>
      <subfield code="x">458268</subfield>
    </datafield>
  </record>