
  <record>
    <leader>00411nam  2200157 i 4500</leader>
    <controlfield tag="001">MOKKAS0003499770  </controlfield>
    <controlfield tag="005">20060605232604.0</controlfield>
    <controlfield tag="008">050714s1958                        fre d</controlfield>
    <datafield tag="035" ind1=" " ind2=" ">
      <subfield code="a">541228</subfield>
    </datafield>
    <datafield tag="040" ind1=" " ind2=" ">
      <subfield code="a">OIK</subfield>
    </datafield>
    <datafield tag="041" ind1="0" ind2=" ">
      <subfield code="a">fre</subfield>
    </datafield>
    <datafield tag="100" ind1="1" ind2=" ">
      <subfield code="a">Libis, John</subfield>
    </datafield>
    <datafield tag="245" ind1="1" ind2="0">
      <subfield code="a">100 Briefe französisch für Export und Import</subfield>
    </datafield>
    <datafield tag="260" ind1=" " ind2=" ">
      <subfield code="a">Berlin-Schöneberg :</subfield>
      <subfield code="b">Langenscheidt GK,</subfield>
      <subfield code="c">1958</subfield>
    </datafield>
    <datafield tag="300" ind1=" " ind2=" ">
      <subfield code="a">152 p.</subfield>
    </datafield>
    <datafield tag="852" ind1=" " ind2=" ">
      <subfield code="a">B14</subfield>
      <subfield code="b">B14</subfield>
      <subfield code="x">541228</subfield>
    </datafield>
  </record>