
  <record>
    <leader>00783ncm  2200217 i 4500</leader>
    <controlfield tag="001">MOKKAZ0003725175  </controlfield>
    <controlfield tag="005">20040909214303.0</controlfield>
    <controlfield tag="008">020530n18      it             n 1  ita d</controlfield>
    <datafield tag="028" ind1="3" ind2="0">
      <subfield code="a">[lemezszám nélkül]</subfield>
      <subfield code="b">R. Stabilimento Ricordi Milano</subfield>
    </datafield>
    <datafield tag="035" ind1=" " ind2=" ">
      <subfield code="a">bibKLT00312738</subfield>
    </datafield>
    <datafield tag="040" ind1=" " ind2=" ">
      <subfield code="a">DEENK</subfield>
    </datafield>
    <datafield tag="041" ind1=" " ind2=" ">
      <subfield code="a">ita</subfield>
    </datafield>
    <datafield tag="242" ind1="0" ind2="0">
      <subfield code="a">100 Olasz dal</subfield>
    </datafield>
    <datafield tag="245" ind1="0" ind2="0">
      <subfield code="a">100 celebri Canzoni</subfield>
      <subfield code="h">[Nyomtatott kotta] :</subfield>
      <subfield code="b">Popolari Napolitane per canto e pianoforte /</subfield>
      <subfield code="c">raccolte dal maestro Vincenzo de Meglio</subfield>
    </datafield>
    <datafield tag="254" ind1=" " ind2=" ">
      <subfield code="a">Szóló (ének)</subfield>
    </datafield>
    <datafield tag="260" ind1=" " ind2=" ">
      <subfield code="a">Milano :</subfield>
      <subfield code="b">R. Stabilimento Ricordi,</subfield>
      <subfield code="c">[s. a]</subfield>
    </datafield>
    <datafield tag="300" ind1=" " ind2=" ">
      <subfield code="a">133 p. ;</subfield>
      <subfield code="c">28 cm</subfield>
    </datafield>
    <datafield tag="500" ind1=" " ind2=" ">
      <subfield code="a">Erősen rongálódott</subfield>
    </datafield>
    <datafield tag="500" ind1=" " ind2=" ">
      <subfield code="a">AZ R.Z 83551/A raktári számú példány csak a 80. oldalig van</subfield>
    </datafield>
    <datafield tag="695" ind1=" " ind2=" ">
      <subfield code="a">vokális zene</subfield>
      <subfield code="x">dal (olasz)</subfield>
    </datafield>
    <datafield tag="852" ind1=" " ind2=" ">
      <subfield code="a">D1</subfield>
      <subfield code="b">D1/Z</subfield>
      <subfield code="x">bibKLT00312738</subfield>
    </datafield>
  </record>