
  <record>
    <leader>00343ncm  2200121 i 4500</leader>
    <controlfield tag="001">MOKKAS0003624411  </controlfield>
    <controlfield tag="005">20060606184427.0</controlfield>
    <controlfield tag="008">050716s                                d</controlfield>
    <datafield tag="035" ind1=" " ind2=" ">
      <subfield code="a">925261</subfield>
    </datafield>
    <datafield tag="040" ind1=" " ind2=" ">
      <subfield code="a">OIK</subfield>
    </datafield>
    <datafield tag="100" ind1="1" ind2=" ">
      <subfield code="a">Rimskij-Korsakov, Nikolaj Andreevič</subfield>
      <subfield code="d">(1844-1908)</subfield>
    </datafield>
    <datafield tag="245" ind1="1" ind2="0">
      <subfield code="a">100 chants populaires russ.</subfield>
      <subfield code="h">nyomtatott kotta</subfield>
    </datafield>
    <datafield tag="852" ind1=" " ind2=" ">
      <subfield code="a">B14</subfield>
      <subfield code="b">B14</subfield>
      <subfield code="x">925261</subfield>
    </datafield>
  </record>