
  <record>
    <leader>01068njm  2200181   4500</leader>
    <controlfield tag="001">MOKKAN0004265692  </controlfield>
    <controlfield tag="005">20070409020943.0</controlfield>
    <controlfield tag="008">991029s2004                        fre d</controlfield>
    <datafield tag="028" ind1=" " ind2=" ">
      <subfield code="a">TCD 2545</subfield>
    </datafield>
    <datafield tag="035" ind1=" " ind2=" ">
      <subfield code="a">bibFSZ1167835</subfield>
    </datafield>
    <datafield tag="040" ind1=" " ind2=" ">
      <subfield code="a">FSZEK</subfield>
    </datafield>
    <datafield tag="245" ind1="0" ind2="0">
      <subfield code="a">100 % chanson de Paris</subfield>
      <subfield code="h">[Hangfelvétel] /</subfield>
      <subfield code="c">avec Charles Trenet [et al.]</subfield>
    </datafield>
    <datafield tag="260" ind1=" " ind2=" ">
      <subfield code="a">[S.l.] :</subfield>
      <subfield code="b">[S.n.],</subfield>
      <subfield code="c">[2004]</subfield>
    </datafield>
    <datafield tag="300" ind1=" " ind2=" ">
      <subfield code="a">1 CD (57 min 38 s) :</subfield>
      <subfield code="b">AAD ;</subfield>
      <subfield code="c">12 cm +</subfield>
      <subfield code="e">1 t.</subfield>
    </datafield>
    <datafield tag="505" ind1="0" ind2="0">
      <subfield code="t">Les oiseaux de Paris ;</subfield>
      <subfield code="t">Fleur de Paris ;</subfield>
      <subfield code="t">Paris chéri ;</subfield>
      <subfield code="t">Gosse de Paris ;</subfield>
      <subfield code="t">Sur les quais du vieux Paris ;</subfield>
      <subfield code="t">Si tu vas a Paris ;</subfield>
      <subfield code="t">Paris, je t'aime d'amour ;</subfield>
      <subfield code="t">Sous les toits de Paris ;</subfield>
      <subfield code="t">Paris voici Paris ;</subfield>
      <subfield code="t">Paris sera toujours Paris ;</subfield>
      <subfield code="t">La romance de Paris ;</subfield>
      <subfield code="t">Depuis que je suis a Paris ;</subfield>
      <subfield code="t">C'est papa c'est parisien ;</subfield>
      <subfield code="t">Paris méditerranée ;</subfield>
      <subfield code="t">Sur les quais du vieux Paris ;</subfield>
      <subfield code="t">En parlant un peu de Paris ;</subfield>
      <subfield code="t">Oui je t'aime, ô Paris ;</subfield>
      <subfield code="t">Paris, tu n'as pas changé ;</subfield>
      <subfield code="t">On danse a Paris ;</subfield>
      <subfield code="t">Dans les squares a Paris, au printemps ;</subfield>
      <subfield code="t">La mer</subfield>
    </datafield>
    <datafield tag="695" ind1=" " ind2="1">
      <subfield code="a">sanzon</subfield>
    </datafield>
    <datafield tag="700" ind1="1" ind2=" ">
      <subfield code="a">Trénet, Charles</subfield>
      <subfield code="d">(1913-2001)</subfield>
      <subfield code="4">közrem.</subfield>
    </datafield>
    <datafield tag="852" ind1=" " ind2=" ">
      <subfield code="a">B10</subfield>
      <subfield code="b">B10</subfield>
      <subfield code="x">bibFSZ1167835</subfield>
    </datafield>
  </record>