
  <record>
    <leader>00687nam  2200205 i 4500</leader>
    <controlfield tag="001">MOKKAS0002479877  </controlfield>
    <controlfield tag="005">20060617232517.0</controlfield>
    <controlfield tag="008">011218s1996     gea                fre d</controlfield>
    <datafield tag="020" ind1=" " ind2=" ">
      <subfield code="a">3 9804070 4 7</subfield>
      <subfield code="a">3000,- Ft</subfield>
    </datafield>
    <datafield tag="035" ind1=" " ind2=" ">
      <subfield code="a">bibMIF20213</subfield>
    </datafield>
    <datafield tag="040" ind1=" " ind2=" ">
      <subfield code="a">MOME</subfield>
    </datafield>
    <datafield tag="041" ind1=" " ind2=" ">
      <subfield code="a">fre</subfield>
    </datafield>
    <datafield tag="245" ind1="0" ind2=" ">
      <subfield code="a">100 chefs-d'oeuvre de la collection du Vitra Design Museum /</subfield>
      <subfield code="c">at. Alexander von Vegesack et al.</subfield>
    </datafield>
    <datafield tag="260" ind1="0" ind2=" ">
      <subfield code="a">Weil am Rhein :</subfield>
      <subfield code="b">Vitra Design Museum,</subfield>
      <subfield code="c">1996</subfield>
    </datafield>
    <datafield tag="300" ind1=" " ind2=" ">
      <subfield code="a">270 p. :</subfield>
      <subfield code="b">ill. ;</subfield>
      <subfield code="c">30 cm</subfield>
    </datafield>
    <datafield tag="504" ind1=" " ind2=" ">
      <subfield code="a">Bibliogr.: p. 255-268.</subfield>
    </datafield>
    <datafield tag="610" ind1="2" ind2=" ">
      <subfield code="a">Vitra Design Museum (Weil am Rhein)</subfield>
      <subfield code="x">gyűjtemény</subfield>
    </datafield>
    <datafield tag="650" ind1=" " ind2="7">
      <subfield code="a">szék</subfield>
      <subfield code="y">20. század</subfield>
      <subfield code="2">szte</subfield>
    </datafield>
    <datafield tag="700" ind1="1" ind2=" ">
      <subfield code="a">Vegesack, Alexander von</subfield>
    </datafield>
    <datafield tag="852" ind1=" " ind2=" ">
      <subfield code="a">B646</subfield>
      <subfield code="b">B646</subfield>
      <subfield code="x">bibMIF20213</subfield>
    </datafield>
  </record>