
  <record>
    <leader>00534ncm  2200169   4500</leader>
    <controlfield tag="001">MOKKAN0004640999  </controlfield>
    <controlfield tag="005">20070614130645.0</controlfield>
    <controlfield tag="008">070417s2006                        eng d</controlfield>
    <datafield tag="028" ind1=" " ind2=" ">
      <subfield code="a">3612055</subfield>
    </datafield>
    <datafield tag="035" ind1=" " ind2=" ">
      <subfield code="a">bibFSZ01356111</subfield>
    </datafield>
    <datafield tag="040" ind1=" " ind2=" ">
      <subfield code="a">FSZEK</subfield>
    </datafield>
    <datafield tag="245" ind1="0" ind2="0">
      <subfield code="a">100 classic melodies</subfield>
      <subfield code="h">[Nyomtatott kotta] :</subfield>
      <subfield code="b">a collection of the world's most beautiful themes descant recorder</subfield>
    </datafield>
    <datafield tag="254" ind1=" " ind2=" ">
      <subfield code="a">[Szóló]</subfield>
    </datafield>
    <datafield tag="260" ind1=" " ind2=" ">
      <subfield code="a">Buxhall :</subfield>
      <subfield code="b">Kevin Mayhew,</subfield>
      <subfield code="c">2006</subfield>
    </datafield>
    <datafield tag="300" ind1=" " ind2=" ">
      <subfield code="a">66 p. ;</subfield>
      <subfield code="c">15x21 cm</subfield>
    </datafield>
    <datafield tag="852" ind1=" " ind2=" ">
      <subfield code="a">B10</subfield>
      <subfield code="b">B10</subfield>
      <subfield code="x">bibFSZ01359815</subfield>
    </datafield>
    <datafield tag="852" ind1=" " ind2=" ">
      <subfield code="a">B10</subfield>
      <subfield code="b">0801Z</subfield>
      <subfield code="x">bibFSZ01356111</subfield>
    </datafield>
  </record>