
  <record>
    <leader>00890nam  2200229   4500</leader>
    <controlfield tag="001">MOKKAZ0004647004  </controlfield>
    <controlfield tag="005">20040910090246.0</controlfield>
    <controlfield tag="008">000211s2000                        eng d</controlfield>
    <datafield tag="020" ind1=" " ind2=" ">
      <subfield code="a">1-84038-562-6 (fűzött)</subfield>
    </datafield>
    <datafield tag="035" ind1=" " ind2=" ">
      <subfield code="a">bibFSZ525113</subfield>
    </datafield>
    <datafield tag="040" ind1=" " ind2=" ">
      <subfield code="a">FSZEK</subfield>
    </datafield>
    <datafield tag="041" ind1=" " ind2=" ">
      <subfield code="a">eng</subfield>
    </datafield>
    <datafield tag="245" ind1="0" ind2="0">
      <subfield code="a">100 clever crafts :</subfield>
      <subfield code="b">[over 100 beautiful easy-to-make projects] /</subfield>
      <subfield code="c">[publ. Joanna Lorenz] ; [project editor Penelope Cream] ; [ill. Vana Haggerty]</subfield>
    </datafield>
    <datafield tag="260" ind1=" " ind2=" ">
      <subfield code="a">London :</subfield>
      <subfield code="b">Hermes House,</subfield>
      <subfield code="c">cop.2000</subfield>
    </datafield>
    <datafield tag="300" ind1=" " ind2=" ">
      <subfield code="a">128 p. :</subfield>
      <subfield code="b">ill. ;</subfield>
      <subfield code="c">30 cm</subfield>
    </datafield>
    <datafield tag="680" ind1=" " ind2="1">
      <subfield code="a">díszítési cikkek</subfield>
      <subfield code="a">díszek</subfield>
      <subfield code="a">iparművészet</subfield>
      <subfield code="a">díszítőművészet</subfield>
    </datafield>
    <datafield tag="680" ind1=" " ind2="0">
      <subfield code="a">kézimunka / gyermekfoglalkozás</subfield>
      <subfield code="a">hajtogatás / gyermekfoglalkozás</subfield>
      <subfield code="a">mintázás / gyermekfoglalkozás</subfield>
    </datafield>
    <datafield tag="680" ind1=" " ind2="1">
      <subfield code="a">barkácsolás</subfield>
    </datafield>
    <datafield tag="700" ind1="1" ind2=" ">
      <subfield code="a">Lorenz, Joanna</subfield>
      <subfield code="4">szerk.</subfield>
    </datafield>
    <datafield tag="700" ind1="1" ind2=" ">
      <subfield code="a">Cream, Penelope</subfield>
      <subfield code="4">szerk.</subfield>
    </datafield>
    <datafield tag="700" ind1="1" ind2=" ">
      <subfield code="a">Haggerty, Vana</subfield>
      <subfield code="4">ill.</subfield>
    </datafield>
    <datafield tag="852" ind1=" " ind2=" ">
      <subfield code="a">B10</subfield>
      <subfield code="b">0801</subfield>
      <subfield code="x">bibFSZ525113</subfield>
    </datafield>
  </record>