
  <record>
    <leader>00834cjm  22001811  4500</leader>
    <controlfield tag="001">MOKKAZ0004600055  </controlfield>
    <controlfield tag="005">20040910083716.0</controlfield>
    <controlfield tag="008">      s1998                        und d</controlfield>
    <datafield tag="028" ind1="4" ind2="2">
      <subfield code="a">7243 8 23140 2 8</subfield>
    </datafield>
    <datafield tag="035" ind1=" " ind2=" ">
      <subfield code="a">bibFSZ00446274</subfield>
    </datafield>
    <datafield tag="040" ind1=" " ind2=" ">
      <subfield code="a">FSZEK</subfield>
    </datafield>
    <datafield tag="110" ind1="2" ind2=" ">
      <subfield code="a">Fun Lovin' Criminals</subfield>
    </datafield>
    <datafield tag="245" ind1="1" ind2="0">
      <subfield code="a">100% Colombian</subfield>
      <subfield code="h">[Hangfelvétel] /</subfield>
      <subfield code="c">Fun Lovin' Criminals</subfield>
    </datafield>
    <datafield tag="260" ind1=" " ind2=" ">
      <subfield code="a">[S.l.] :</subfield>
      <subfield code="b">Capitol Records,</subfield>
      <subfield code="c">1998</subfield>
    </datafield>
    <datafield tag="300" ind1=" " ind2=" ">
      <subfield code="a">1 CD :</subfield>
      <subfield code="b">sztereó ;</subfield>
      <subfield code="c">12 cm</subfield>
      <subfield code="e">1 mell.</subfield>
    </datafield>
    <datafield tag="306" ind1=" " ind2=" ">
      <subfield code="a">52 min 03 s</subfield>
    </datafield>
    <datafield tag="505" ind1="0" ind2=" ">
      <subfield code="g">1.,</subfield>
      <subfield code="t">Up On The Hill</subfield>
      <subfield code="g">2.,</subfield>
      <subfield code="t">Love Unlimited</subfield>
      <subfield code="g">3.,</subfield>
      <subfield code="t">The View Belongs To Everyone</subfield>
      <subfield code="g">4.,</subfield>
      <subfield code="t">Korean Bodega</subfield>
      <subfield code="g">5.,</subfield>
      <subfield code="t">Back On The Block</subfield>
      <subfield code="g">6.,</subfield>
      <subfield code="t">10th Street</subfield>
      <subfield code="g">7.,</subfield>
      <subfield code="t">Sugar</subfield>
      <subfield code="g">8.,</subfield>
      <subfield code="t">Southside</subfield>
      <subfield code="g">9.,</subfield>
      <subfield code="t">We Are All Very Worried About You</subfield>
      <subfield code="g">10.,</subfield>
      <subfield code="t">All For Self</subfield>
      <subfield code="g">11.,</subfield>
      <subfield code="t">All My Time Is Gone</subfield>
      <subfield code="g">12.,</subfield>
      <subfield code="t">Big Night Out</subfield>
      <subfield code="g">13.,</subfield>
      <subfield code="t">Mini Bar Blues</subfield>
    </datafield>
    <datafield tag="852" ind1=" " ind2=" ">
      <subfield code="a">B10</subfield>
      <subfield code="B">0601</subfield>
      <subfield code="B">0401</subfield>
      <subfield code="B">2203</subfield>
      <subfield code="b">0801</subfield>
      <subfield code="x">bibFSZ00446274</subfield>
    </datafield>
  </record>