
  <record>
    <leader>00833nam  2200217 i 4500</leader>
    <controlfield tag="001">MOKKAS0001053717  </controlfield>
    <controlfield tag="005">20051215183329.0</controlfield>
    <controlfield tag="008">050903s1947    hu            00010 eng d</controlfield>
    <datafield tag="035" ind1=" " ind2=" ">
      <subfield code="a">bibBKO00232331</subfield>
    </datafield>
    <datafield tag="040" ind1=" " ind2=" ">
      <subfield code="a">BMK</subfield>
    </datafield>
    <datafield tag="245" ind1="0" ind2="0">
      <subfield code="a">100 contemporary American Jewish painters and sculptors /</subfield>
      <subfield code="c">with an essay by Louis Lozowick</subfield>
    </datafield>
    <datafield tag="260" ind1=" " ind2=" ">
      <subfield code="a">New York :</subfield>
      <subfield code="b">Ykuf Art Section,</subfield>
      <subfield code="c">cop. 1947</subfield>
    </datafield>
    <datafield tag="300" ind1=" " ind2=" ">
      <subfield code="a">15, 207 p. :</subfield>
      <subfield code="b">ill. ;</subfield>
      <subfield code="c">31 cm</subfield>
    </datafield>
    <datafield tag="504" ind1=" " ind2=" ">
      <subfield code="a">Héber nyelven is</subfield>
    </datafield>
    <datafield tag="650" ind1=" " ind2="4">
      <subfield code="a">Jankay hagyaték</subfield>
    </datafield>
    <datafield tag="650" ind1=" " ind2="4">
      <subfield code="a">festőművészek, amerikai zsidó</subfield>
    </datafield>
    <datafield tag="650" ind1=" " ind2="4">
      <subfield code="a">szobrászművészek, amerikai zsidó</subfield>
    </datafield>
    <datafield tag="650" ind1=" " ind2="4">
      <subfield code="a">amerikai zsidó festőművészek ld. festőművészek, amerikai zsidó</subfield>
    </datafield>
    <datafield tag="650" ind1=" " ind2="4">
      <subfield code="a">amerikai zsidó szobrászművészek ld. szobrászművészek, amerikai zsidó</subfield>
    </datafield>
    <datafield tag="700" ind1="1" ind2=" ">
      <subfield code="a">Lozowick, Louis</subfield>
      <subfield code="4">közrem.</subfield>
    </datafield>
    <datafield tag="852" ind1=" " ind2=" ">
      <subfield code="a">BCS1</subfield>
      <subfield code="b">BCS1</subfield>
      <subfield code="x">bibBKO00232331</subfield>
    </datafield>
  </record>