
  <record>
    <leader>00439cam  22001455  4500</leader>
    <controlfield tag="001">MOKKAZ0004648425  </controlfield>
    <controlfield tag="005">20040910090339.0</controlfield>
    <controlfield tag="008">000211s2001                        eng d</controlfield>
    <datafield tag="020" ind1=" " ind2=" ">
      <subfield code="a">1-85669-228-0</subfield>
    </datafield>
    <datafield tag="035" ind1=" " ind2=" ">
      <subfield code="a">bibFSZ539287</subfield>
    </datafield>
    <datafield tag="040" ind1=" " ind2=" ">
      <subfield code="a">FSZEK</subfield>
    </datafield>
    <datafield tag="245" ind1="0" ind2="0">
      <subfield code="a">100% cotton /</subfield>
      <subfield code="c">Helen Walters</subfield>
    </datafield>
    <datafield tag="260" ind1=" " ind2=" ">
      <subfield code="a">[s. l.] :</subfield>
      <subfield code="b">Laurence King Publishing,</subfield>
      <subfield code="c">2001</subfield>
    </datafield>
    <datafield tag="852" ind1=" " ind2=" ">
      <subfield code="a">B10</subfield>
      <subfield code="b">B10</subfield>
      <subfield code="x">bibFSZ539287</subfield>
    </datafield>
    <datafield tag="866" ind1=" " ind2=" ">
      <subfield code="a">KülfPr 0108, Laurence King 2001 spring, törölték (0109)</subfield>
    </datafield>
  </record>