
  <record>
    <leader>00598cam  2200205 i 4500</leader>
    <controlfield tag="001">MOKKAS0001956141  </controlfield>
    <controlfield tag="005">20090505174959.0</controlfield>
    <controlfield tag="008">040218c2002    uk a   f      001 0 eng d</controlfield>
    <datafield tag="020" ind1=" " ind2=" ">
      <subfield code="a">0-439-98346-0</subfield>
    </datafield>
    <datafield tag="035" ind1=" " ind2=" ">
      <subfield code="a">212550</subfield>
    </datafield>
    <datafield tag="040" ind1=" " ind2=" ">
      <subfield code="a">ELTE</subfield>
    </datafield>
    <datafield tag="041" ind1="0" ind2=" ">
      <subfield code="a">eng</subfield>
    </datafield>
    <datafield tag="100" ind1="1" ind2=" ">
      <subfield code="a">Glover, David</subfield>
    </datafield>
    <datafield tag="245" ind1="1" ind2="0">
      <subfield code="a">100 Cross-curricular maths lessons :</subfield>
      <subfield code="b">Years 5 &amp; 6</subfield>
      <subfield code="c">/ David &amp; Penny Glover</subfield>
    </datafield>
    <datafield tag="260" ind1=" " ind2=" ">
      <subfield code="a">Leamington :</subfield>
      <subfield code="b">Scholastic,</subfield>
      <subfield code="c">cop. 2002</subfield>
    </datafield>
    <datafield tag="300" ind1=" " ind2=" ">
      <subfield code="a">176 p. :</subfield>
      <subfield code="b">ill. ;</subfield>
      <subfield code="c">30 cm</subfield>
    </datafield>
    <datafield tag="650" ind1="0" ind2="7">
      <subfield code="2">af</subfield>
      <subfield code="a">Education</subfield>
      <subfield code="x">Mathematics</subfield>
    </datafield>
    <datafield tag="650" ind1="0" ind2="7">
      <subfield code="2">af</subfield>
      <subfield code="a">oktatás</subfield>
      <subfield code="x">matematika</subfield>
    </datafield>
    <datafield tag="700" ind1="1" ind2=" ">
      <subfield code="a">Glover, Penny</subfield>
    </datafield>
    <datafield tag="852" ind1=" " ind2=" ">
      <subfield code="a">B2</subfield>
      <subfield code="b">B2</subfield>
      <subfield code="b">B2/42</subfield>
      <subfield code="x">212550</subfield>
    </datafield>
  </record>