
  <record>
    <leader>00592nam  2200181 i 4500</leader>
    <controlfield tag="001">MOKKAW0005806904  </controlfield>
    <controlfield tag="005">20080419045106.0</controlfield>
    <controlfield tag="008">060407s20042004hu            000 0 hun d</controlfield>
    <datafield tag="020" ind1=" " ind2=" ">
      <subfield code="a">963-09-4242-9</subfield>
    </datafield>
    <datafield tag="035" ind1=" " ind2=" ">
      <subfield code="a">BMEOMIKK000471888</subfield>
    </datafield>
    <datafield tag="040" ind1=" " ind2=" ">
      <subfield code="a">BMEOMIKK</subfield>
    </datafield>
    <datafield tag="041" ind1="1" ind2=" ">
      <subfield code="a">hun</subfield>
      <subfield code="h">dut</subfield>
    </datafield>
    <datafield tag="130" ind1="1" ind2="0">
      <subfield code="a">100 wereld wonderen</subfield>
      <subfield code="l">magyar</subfield>
    </datafield>
    <datafield tag="245" ind1="1" ind2="0">
      <subfield code="a">100 csoda öt földrészen : </subfield>
      <subfield code="b">öt világrész emberalkotta és természeti kincsei</subfield>
    </datafield>
    <datafield tag="246" ind1="1" ind2="3">
      <subfield code="a">Öt világrész emberalkotta és természeti kincsei</subfield>
    </datafield>
    <datafield tag="260" ind1=" " ind2=" ">
      <subfield code="a">[Budapest] :</subfield>
      <subfield code="b">Kossuth,</subfield>
      <subfield code="c">cop. 2004</subfield>
    </datafield>
    <datafield tag="300" ind1=" " ind2=" ">
      <subfield code="a">207 p. ;</subfield>
      <subfield code="c">35 cm</subfield>
    </datafield>
    <datafield tag="852" ind1=" " ind2=" ">
      <subfield code="a">B11</subfield>
      <subfield code="b">B11</subfield>
      <subfield code="x">BMEOMIKK000471888</subfield>
    </datafield>
  </record>