
  <record>
    <leader>00742nam  2200217 i 4500</leader>
    <controlfield tag="001">MOKKAW0005518351  </controlfield>
    <controlfield tag="005">20080414112706.0</controlfield>
    <controlfield tag="008">041215s2004    hu a          0000  hunod</controlfield>
    <datafield tag="020" ind1=" " ind2=" ">
      <subfield code="a">963-09-4242-9 (kötött)</subfield>
    </datafield>
    <datafield tag="035" ind1=" " ind2=" ">
      <subfield code="a">NLVK400062</subfield>
    </datafield>
    <datafield tag="040" ind1=" " ind2=" ">
      <subfield code="a">NLVK</subfield>
    </datafield>
    <datafield tag="041" ind1="1" ind2=" ">
      <subfield code="a">hun</subfield>
    </datafield>
    <datafield tag="245" ind1="1" ind2="0">
      <subfield code="a">100 csoda öt földrészen : </subfield>
      <subfield code="b">öt világrész emberalkotta és természeti kincsei /</subfield>
      <subfield code="c">[ford. Sz. Érdi Éva]</subfield>
    </datafield>
    <datafield tag="260" ind1=" " ind2=" ">
      <subfield code="a">[Budapest] :</subfield>
      <subfield code="b">Kossuth,</subfield>
      <subfield code="c">2004</subfield>
    </datafield>
    <datafield tag="300" ind1=" " ind2=" ">
      <subfield code="a">207 p. :</subfield>
      <subfield code="b">ill., színes ;</subfield>
      <subfield code="c">35 cm</subfield>
    </datafield>
    <datafield tag="650" ind1=" " ind2="4">
      <subfield code="a">Műemlékek</subfield>
      <subfield code="x">Világ országai</subfield>
    </datafield>
    <datafield tag="650" ind1=" " ind2="4">
      <subfield code="a">Építészet</subfield>
      <subfield code="x">Világ országai</subfield>
    </datafield>
    <datafield tag="650" ind1=" " ind2="4">
      <subfield code="a">Természeti értékek</subfield>
      <subfield code="x">Világ országai</subfield>
    </datafield>
    <datafield tag="650" ind1=" " ind2="4">
      <subfield code="a">Nemzeti parkok</subfield>
      <subfield code="x">Világ országai</subfield>
    </datafield>
    <datafield tag="700" ind1="1" ind2=" ">
      <subfield code="a">Érdi Éva, Sz.</subfield>
      <subfield code="4">(ford.)</subfield>
    </datafield>
    <datafield tag="852" ind1=" " ind2=" ">
      <subfield code="a">H1</subfield>
      <subfield code="b">H1</subfield>
      <subfield code="x">NLVK400062</subfield>
    </datafield>
  </record>