
  <record>
    <leader>00700nam  2200205   4500</leader>
    <controlfield tag="001">MOKKAN0004243644  </controlfield>
    <controlfield tag="005">20070408085245.0</controlfield>
    <controlfield tag="008">000211s2004                        hun d</controlfield>
    <datafield tag="020" ind1=" " ind2=" ">
      <subfield code="a">(kötött)</subfield>
      <subfield code="z">963-09-4242-9</subfield>
    </datafield>
    <datafield tag="035" ind1=" " ind2=" ">
      <subfield code="a">bibFSZ1058480</subfield>
    </datafield>
    <datafield tag="040" ind1=" " ind2=" ">
      <subfield code="a">FSZEK</subfield>
    </datafield>
    <datafield tag="041" ind1=" " ind2=" ">
      <subfield code="a">hun</subfield>
    </datafield>
    <datafield tag="240" ind1=" " ind2="0">
      <subfield code="a">100 wereld wonderen</subfield>
    </datafield>
    <datafield tag="245" ind1="0" ind2="0">
      <subfield code="a">100 csoda öt földrészen :</subfield>
      <subfield code="b">öt világrész emberalkotta és természeti kincsei /</subfield>
      <subfield code="c">[ford. Sz. Érdi Éva] ; [a fotók ...: Milan Horacek et al.]</subfield>
    </datafield>
    <datafield tag="260" ind1=" " ind2=" ">
      <subfield code="a">[Budapest] :</subfield>
      <subfield code="b">Kossuth,</subfield>
      <subfield code="c">cop. 2004</subfield>
    </datafield>
    <datafield tag="300" ind1=" " ind2=" ">
      <subfield code="a">207, [1] p. :</subfield>
      <subfield code="b">ill. ;</subfield>
      <subfield code="c">35 cm</subfield>
    </datafield>
    <datafield tag="504" ind1=" " ind2=" ">
      <subfield code="a">Bibliogr.: p. 205.</subfield>
    </datafield>
    <datafield tag="700" ind1="1" ind2=" ">
      <subfield code="a">Érdi Éva, Sz.</subfield>
      <subfield code="4">ford.</subfield>
    </datafield>
    <datafield tag="700" ind1="1" ind2=" ">
      <subfield code="a">Horacek, Milan</subfield>
      <subfield code="4">fotó</subfield>
    </datafield>
    <datafield tag="852" ind1=" " ind2=" ">
      <subfield code="a">B10</subfield>
      <subfield code="b">B10</subfield>
      <subfield code="x">bibFSZ1058480</subfield>
    </datafield>
  </record>