
  <record>
    <leader>01172fam  2200301 ir4500</leader>
    <controlfield tag="001">MOKKAZ0006349855  </controlfield>
    <controlfield tag="005">20040915193838.0</controlfield>
    <controlfield tag="008">970624s1997    hu            000 b hun d</controlfield>
    <datafield tag="020" ind1=" " ind2=" ">
      <subfield code="a">963-9020-50-8 (fűzött) :</subfield>
      <subfield code="c">490,- Ft</subfield>
    </datafield>
    <datafield tag="035" ind1=" " ind2=" ">
      <subfield code="a">237106</subfield>
    </datafield>
    <datafield tag="040" ind1=" " ind2=" ">
      <subfield code="a">OSZK</subfield>
    </datafield>
    <datafield tag="041" ind1="0" ind2=" ">
      <subfield code="a">hunhun</subfield>
    </datafield>
    <datafield tag="100" ind1="1" ind2=" ">
      <subfield code="a">Rejtő Jenő</subfield>
      <subfield code="d">(1905-1943)</subfield>
    </datafield>
    <datafield tag="245" ind1="1" ind2="0">
      <subfield code="a">100 csóknak is egy a vége /</subfield>
      <subfield code="c">Rejtő Jenő, Nádassy László ; [vál. és szerk. Zsiga László]</subfield>
    </datafield>
    <datafield tag="260" ind1=" " ind2=" ">
      <subfield code="a">Szeged :</subfield>
      <subfield code="b">Szukits,</subfield>
      <subfield code="c">[1997]</subfield>
      <subfield code="e">([Szeged]</subfield>
      <subfield code="f">Szegedi Kossuth)</subfield>
    </datafield>
    <datafield tag="300" ind1=" " ind2=" ">
      <subfield code="a">194, [2] p. ;</subfield>
      <subfield code="c">20 cm</subfield>
    </datafield>
    <datafield tag="490" ind1="1" ind2=" ">
      <subfield code="a">Szórakoztató regénytár</subfield>
      <subfield code="x">1217-2081</subfield>
      <subfield code="v">30.</subfield>
    </datafield>
    <datafield tag="490" ind1="1" ind2=" ">
      <subfield code="a">Rejtő Jenő művei</subfield>
      <subfield code="x">963-8199-51-</subfield>
    </datafield>
    <datafield tag="500" ind1=" " ind2=" ">
      <subfield code="a">Bohózatok, tréfák</subfield>
    </datafield>
    <datafield tag="700" ind1="1" ind2="0">
      <subfield code="a">Nádassy László</subfield>
      <subfield code="d">(1907-1978)</subfield>
    </datafield>
    <datafield tag="700" ind1="1" ind2=" ">
      <subfield code="a">Zsiga László</subfield>
      <subfield code="4">(vál.)</subfield>
    </datafield>
    <datafield tag="830" ind1=" " ind2="0">
      <subfield code="a">Szórakoztató regénytár</subfield>
    </datafield>
    <datafield tag="830" ind1=" " ind2="0">
      <subfield code="a">Rejtő Jenő művei</subfield>
    </datafield>
    <datafield tag="852" ind1=" " ind2=" ">
      <subfield code="a">B1</subfield>
      <subfield code="b">B1</subfield>
      <subfield code="x">237106</subfield>
    </datafield>
    <datafield tag="852" ind1=" " ind2=" ">
      <subfield code="a">D1</subfield>
      <subfield code="b">D1</subfield>
      <subfield code="x">237106</subfield>
    </datafield>
    <datafield tag="852" ind1=" " ind2=" ">
      <subfield code="a">B10</subfield>
      <subfield code="B">1801</subfield>
      <subfield code="B">1802</subfield>
      <subfield code="B">1803</subfield>
      <subfield code="B">1901</subfield>
      <subfield code="B">1903</subfield>
      <subfield code="B">2002</subfield>
      <subfield code="B">2004</subfield>
      <subfield code="B">2101</subfield>
      <subfield code="B">2103</subfield>
      <subfield code="B">2104</subfield>
      <subfield code="B">2105</subfield>
      <subfield code="B">2301</subfield>
      <subfield code="B">1308</subfield>
      <subfield code="B">0401</subfield>
      <subfield code="B">1105</subfield>
      <subfield code="B">1104</subfield>
      <subfield code="B">1201</subfield>
      <subfield code="B">0204</subfield>
      <subfield code="B">0307C</subfield>
      <subfield code="B">0305</subfield>
      <subfield code="B">1003</subfield>
      <subfield code="B">1004</subfield>
      <subfield code="B">1402</subfield>
      <subfield code="B">1404</subfield>
      <subfield code="B">1601</subfield>
      <subfield code="B">1602</subfield>
      <subfield code="b">1704</subfield>
      <subfield code="x">bibFSZ00115951</subfield>
    </datafield>
    <datafield tag="852" ind1=" " ind2=" ">
      <subfield code="a">H1</subfield>
      <subfield code="b">H1</subfield>
      <subfield code="x">NLVK464261</subfield>
    </datafield>
    <datafield tag="852" ind1=" " ind2=" ">
      <subfield code="a">M2</subfield>
      <subfield code="b">M2</subfield>
      <subfield code="x">bibRFK00034584</subfield>
    </datafield>
  </record>