
  <record>
    <leader>00398cam  22001217  4500</leader>
    <controlfield tag="001">MOKKAZ0004622426  </controlfield>
    <controlfield tag="005">20040910084850.0</controlfield>
    <controlfield tag="008">000211s1944                  00    hun d</controlfield>
    <datafield tag="035" ind1=" " ind2=" ">
      <subfield code="a">bibFSZ83413</subfield>
    </datafield>
    <datafield tag="040" ind1=" " ind2=" ">
      <subfield code="a">FSZEK</subfield>
    </datafield>
    <datafield tag="245" ind1="0" ind2="0">
      <subfield code="a">100. csoportkiállítás :</subfield>
      <subfield code="b">Duray Tibor [et al.] /</subfield>
      <subfield code="c">[közread. a] Nemzeti Szalon</subfield>
    </datafield>
    <datafield tag="260" ind1=" " ind2=" ">
      <subfield code="a">Budapest :</subfield>
      <subfield code="b">Nemzeti Szalon Művészeti Egyesület</subfield>
      <subfield code="c">1944</subfield>
    </datafield>
    <datafield tag="852" ind1=" " ind2=" ">
      <subfield code="a">B10</subfield>
      <subfield code="b">0801B</subfield>
      <subfield code="x">bibFSZ83413</subfield>
    </datafield>
  </record>