
  <record>
    <leader>00522nama 22001451ir4500</leader>
    <controlfield tag="001">MOKKAS0000684690  </controlfield>
    <controlfield tag="005">20060118153846.0</controlfield>
    <controlfield tag="008">041105s1977    ro            000 0 rumod</controlfield>
    <datafield tag="035" ind1=" " ind2=" ">
      <subfield code="a">1443639</subfield>
    </datafield>
    <datafield tag="040" ind1=" " ind2=" ">
      <subfield code="a">OSZK</subfield>
    </datafield>
    <datafield tag="041" ind1="0" ind2=" ">
      <subfield code="a">rumrum</subfield>
    </datafield>
    <datafield tag="245" ind1="0" ind2="0">
      <subfield code="a">100 de ani de la naterea lui Sextil Pucariu : </subfield>
      <subfield code="b">1877-1948 : simpozion : [Cluj-Napoca, 14 ianuarie 1977] : [comunicările] /</subfield>
      <subfield code="c">[org. Universitatea "Babe-Bolyai", Centrul academiei Cluj-Napoca]</subfield>
    </datafield>
    <datafield tag="260" ind1=" " ind2=" ">
      <subfield code="a">Cluj-Napoca :</subfield>
      <subfield code="b">Univ.,</subfield>
      <subfield code="c">1977</subfield>
    </datafield>
    <datafield tag="300" ind1=" " ind2=" ">
      <subfield code="a">133 p. ;</subfield>
      <subfield code="c">23 cm</subfield>
    </datafield>
    <datafield tag="852" ind1=" " ind2=" ">
      <subfield code="a">B1</subfield>
      <subfield code="b">B1</subfield>
      <subfield code="x">1443639</subfield>
    </datafield>
  </record>