
  <record>
    <leader>00613nam  2200181 i 4500</leader>
    <controlfield tag="001">MOKKAS0003824906  </controlfield>
    <controlfield tag="005">20060616063417.0</controlfield>
    <controlfield tag="008">040510s1982    rm            00010 mul d</controlfield>
    <datafield tag="035" ind1=" " ind2=" ">
      <subfield code="a">bibJGYx72825</subfield>
    </datafield>
    <datafield tag="040" ind1=" " ind2=" ">
      <subfield code="a">SZTE</subfield>
    </datafield>
    <datafield tag="041" ind1="1" ind2=" ">
      <subfield code="a">rumeng</subfield>
    </datafield>
    <datafield tag="245" ind1="0" ind2="0">
      <subfield code="a">100 de ani de poezie romanesca = 100 years of Romanian poetry :</subfield>
      <subfield code="b">editie biblingva /</subfield>
      <subfield code="c">cuvint inainte de Stavros Deligiorgis ; trad. de Ioana Deligiorgis</subfield>
    </datafield>
    <datafield tag="260" ind1=" " ind2=" ">
      <subfield code="a">Iasi :</subfield>
      <subfield code="b">Junimea,</subfield>
      <subfield code="c">1982</subfield>
    </datafield>
    <datafield tag="500" ind1=" " ind2=" ">
      <subfield code="a">Párhuzamos szöveggel</subfield>
    </datafield>
    <datafield tag="650" ind1=" " ind2="7">
      <subfield code="a">Román irodalom</subfield>
      <subfield code="x">vers</subfield>
      <subfield code="2">szte</subfield>
    </datafield>
    <datafield tag="700" ind1="1" ind2=" ">
      <subfield code="a">Deligiorgis, Stavros</subfield>
    </datafield>
    <datafield tag="700" ind1="1" ind2=" ">
      <subfield code="a">Deligiorgis, Ioana</subfield>
    </datafield>
    <datafield tag="852" ind1=" " ind2=" ">
      <subfield code="a">SZ1</subfield>
      <subfield code="b">SZ1</subfield>
      <subfield code="x">bibJGYx72825</subfield>
    </datafield>
  </record>