
  <record>
    <leader>00657nam  2200205 i 4500</leader>
    <controlfield tag="001">MOKKAS0001094379  </controlfield>
    <controlfield tag="005">20051216001730.0</controlfield>
    <controlfield tag="008">050903s2003    hu            00010 rum d</controlfield>
    <datafield tag="020" ind1=" " ind2=" ">
      <subfield code="a">973-684-514-1</subfield>
    </datafield>
    <datafield tag="035" ind1=" " ind2=" ">
      <subfield code="a">bibBKO00268232</subfield>
    </datafield>
    <datafield tag="040" ind1=" " ind2=" ">
      <subfield code="a">BMK</subfield>
    </datafield>
    <datafield tag="245" ind1="0" ind2="0">
      <subfield code="a">100 de personalitati ale secolului XX :</subfield>
      <subfield code="b">compozitori /</subfield>
      <subfield code="c">Björn Cecatka [et al.]</subfield>
    </datafield>
    <datafield tag="260" ind1=" " ind2=" ">
      <subfield code="a">Bucuresti :</subfield>
      <subfield code="b">All Educational,</subfield>
      <subfield code="c">2003</subfield>
    </datafield>
    <datafield tag="300" ind1=" " ind2=" ">
      <subfield code="a">208 p. :</subfield>
      <subfield code="b">ill. ;</subfield>
      <subfield code="c">20 cm</subfield>
    </datafield>
    <datafield tag="490" ind1="1" ind2=" ">
      <subfield code="a">(100 de personalitati)</subfield>
    </datafield>
    <datafield tag="504" ind1=" " ind2=" ">
      <subfield code="a">Gerinccim: Compozitori</subfield>
    </datafield>
    <datafield tag="650" ind1=" " ind2="4">
      <subfield code="a">zeneszerzők 20. sz. - lexikonok</subfield>
    </datafield>
    <datafield tag="700" ind1="1" ind2=" ">
      <subfield code="a">Cecatka, Björn</subfield>
      <subfield code="4">közrem.</subfield>
    </datafield>
    <datafield tag="830" ind1=" " ind2="0">
      <subfield code="a">100 de personalitati</subfield>
    </datafield>
    <datafield tag="852" ind1=" " ind2=" ">
      <subfield code="a">BCS1</subfield>
      <subfield code="b">BCS1</subfield>
      <subfield code="x">bibBKO00268232</subfield>
    </datafield>
  </record>