
  <record>
    <leader>00678nam  2200217 i 4500</leader>
    <controlfield tag="001">MOKKAS0001094377  </controlfield>
    <controlfield tag="005">20051216001730.0</controlfield>
    <controlfield tag="008">050903s2000    hu            00010 rum d</controlfield>
    <datafield tag="020" ind1=" " ind2=" ">
      <subfield code="a">973-684-306-8</subfield>
    </datafield>
    <datafield tag="035" ind1=" " ind2=" ">
      <subfield code="a">bibBKO00268231</subfield>
    </datafield>
    <datafield tag="040" ind1=" " ind2=" ">
      <subfield code="a">BMK</subfield>
    </datafield>
    <datafield tag="100" ind1="1" ind2=" ">
      <subfield code="a">Jordan, Bernd</subfield>
    </datafield>
    <datafield tag="245" ind1="1" ind2="0">
      <subfield code="a">100 de personalitati ale secolului :</subfield>
      <subfield code="b">politicieni /</subfield>
      <subfield code="c">Bernd Jordan, Alexander Lenz</subfield>
    </datafield>
    <datafield tag="260" ind1=" " ind2=" ">
      <subfield code="a">Bucuresti :</subfield>
      <subfield code="b">All Educational,</subfield>
      <subfield code="c">2000</subfield>
    </datafield>
    <datafield tag="300" ind1=" " ind2=" ">
      <subfield code="a">208 p. :</subfield>
      <subfield code="b">ill. ;</subfield>
      <subfield code="c">20 cm</subfield>
    </datafield>
    <datafield tag="490" ind1="1" ind2=" ">
      <subfield code="a">(100 de personalitati)</subfield>
    </datafield>
    <datafield tag="504" ind1=" " ind2=" ">
      <subfield code="a">Gerinccim: Politicieni</subfield>
    </datafield>
    <datafield tag="650" ind1=" " ind2="4">
      <subfield code="a">politikusok 20. sz. - lexikonok</subfield>
    </datafield>
    <datafield tag="700" ind1="1" ind2=" ">
      <subfield code="a">Lenz, Alexander</subfield>
    </datafield>
    <datafield tag="830" ind1=" " ind2="0">
      <subfield code="a">100 de personalitati</subfield>
    </datafield>
    <datafield tag="852" ind1=" " ind2=" ">
      <subfield code="a">BCS1</subfield>
      <subfield code="b">BCS1</subfield>
      <subfield code="x">bibBKO00268231</subfield>
    </datafield>
  </record>