
  <record>
    <leader>00512nam  2200193 i 4500</leader>
    <controlfield tag="001">MOKKAS0003416204  </controlfield>
    <controlfield tag="005">20060604140145.0</controlfield>
    <controlfield tag="008">050713s1991                            d</controlfield>
    <datafield tag="020" ind1=" " ind2=" ">
      <subfield code="a">973 95046 1 2</subfield>
    </datafield>
    <datafield tag="035" ind1=" " ind2=" ">
      <subfield code="a">265284</subfield>
    </datafield>
    <datafield tag="040" ind1=" " ind2=" ">
      <subfield code="a">OIK</subfield>
    </datafield>
    <datafield tag="100" ind1="1" ind2=" ">
      <subfield code="a">Blandiana, Ana</subfield>
      <subfield code="d">(1942-)</subfield>
    </datafield>
    <datafield tag="245" ind1="1" ind2="0">
      <subfield code="a">100 de poeme /</subfield>
      <subfield code="c">Ana Blandiana</subfield>
    </datafield>
    <datafield tag="260" ind1=" " ind2=" ">
      <subfield code="a">Bucureşti :</subfield>
      <subfield code="b">Tinerama,</subfield>
      <subfield code="c">1991</subfield>
    </datafield>
    <datafield tag="300" ind1=" " ind2=" ">
      <subfield code="a">125 p. ;</subfield>
      <subfield code="c">21 cm</subfield>
    </datafield>
    <datafield tag="490" ind1="1" ind2=" ">
      <subfield code="a">Scriitori români</subfield>
    </datafield>
    <datafield tag="650" ind1=" " ind2="4">
      <subfield code="a">Román költészet</subfield>
    </datafield>
    <datafield tag="830" ind1=" " ind2="0">
      <subfield code="a">Scriitori români</subfield>
    </datafield>
    <datafield tag="852" ind1=" " ind2=" ">
      <subfield code="a">B14</subfield>
      <subfield code="b">B14</subfield>
      <subfield code="x">265284</subfield>
    </datafield>
  </record>