
  <record>
    <leader>00585ncm  2200181 i 4500</leader>
    <controlfield tag="001">MOKKAZ0003723885  </controlfield>
    <controlfield tag="005">20040909214224.0</controlfield>
    <controlfield tag="008">020916n19      ge             n 1  ger d</controlfield>
    <datafield tag="028" ind1="3" ind2="0">
      <subfield code="a">P.J.T 1473</subfield>
      <subfield code="b">P.J. Tonger Köln</subfield>
    </datafield>
    <datafield tag="035" ind1=" " ind2=" ">
      <subfield code="a">bibKLT00319523</subfield>
    </datafield>
    <datafield tag="040" ind1=" " ind2=" ">
      <subfield code="a">DEENK</subfield>
    </datafield>
    <datafield tag="041" ind1=" " ind2=" ">
      <subfield code="a">ger</subfield>
    </datafield>
    <datafield tag="245" ind1="0" ind2="4">
      <subfield code="a">100 der Schönsten Volks-lieder</subfield>
      <subfield code="h">[Nyomtatott kotta] :</subfield>
      <subfield code="b">eine mittlere singstimme mit leichter Klavierbegleitung</subfield>
    </datafield>
    <datafield tag="254" ind1=" " ind2=" ">
      <subfield code="a">Szóló (ének)</subfield>
    </datafield>
    <datafield tag="260" ind1=" " ind2=" ">
      <subfield code="a">Köln :</subfield>
      <subfield code="b">P. J. Tonger,</subfield>
      <subfield code="c">[s. a]</subfield>
    </datafield>
    <datafield tag="300" ind1=" " ind2=" ">
      <subfield code="a">185 p. ;</subfield>
      <subfield code="c">13 cm</subfield>
    </datafield>
    <datafield tag="695" ind1=" " ind2=" ">
      <subfield code="a">vokális zene</subfield>
      <subfield code="x">népdal (német)</subfield>
    </datafield>
    <datafield tag="852" ind1=" " ind2=" ">
      <subfield code="a">D1</subfield>
      <subfield code="b">D1/Z</subfield>
      <subfield code="x">bibKLT00319523</subfield>
    </datafield>
  </record>