
  <record>
    <leader>00798cam  22002051  4500</leader>
    <controlfield tag="001">MOKKAZ0004210188  </controlfield>
    <controlfield tag="005">20040910051642.0</controlfield>
    <controlfield tag="008">      s1999                        eng d</controlfield>
    <datafield tag="020" ind1=" " ind2=" ">
      <subfield code="a">2-88046-442-0 (fűzött)</subfield>
    </datafield>
    <datafield tag="035" ind1=" " ind2=" ">
      <subfield code="a">bibFSZ00055716</subfield>
    </datafield>
    <datafield tag="040" ind1=" " ind2=" ">
      <subfield code="a">FSZEK</subfield>
    </datafield>
    <datafield tag="100" ind1="1" ind2=" ">
      <subfield code="a">Byars, Mel</subfield>
    </datafield>
    <datafield tag="245" ind1="1" ind2="0">
      <subfield code="a">100 designs/100 years : </subfield>
      <subfield code="b">innovative designs of the 20th century /</subfield>
      <subfield code="c">Mel Byars with Arlette Barré-Despond</subfield>
    </datafield>
    <datafield tag="260" ind1=" " ind2=" ">
      <subfield code="a">Crans-Près-Céligny :</subfield>
      <subfield code="b">Rotovision,</subfield>
      <subfield code="c">cop. 1999</subfield>
    </datafield>
    <datafield tag="300" ind1=" " ind2=" ">
      <subfield code="a">215 p. :</subfield>
      <subfield code="b">ill. ;</subfield>
      <subfield code="c">19 cm</subfield>
    </datafield>
    <datafield tag="500" ind1=" " ind2=" ">
      <subfield code="a">Bibliogr.: p. 213-215.</subfield>
    </datafield>
    <datafield tag="680" ind1=" " ind2="0">
      <subfield code="a">díszítőművészet</subfield>
      <subfield code="a">történeti tárgyalásmód</subfield>
      <subfield code="y">20. század</subfield>
    </datafield>
    <datafield tag="680" ind1=" " ind2="0">
      <subfield code="a">gyártmánytervezés, formatervezés</subfield>
      <subfield code="a">formatervezés, gyártmánytervezés</subfield>
      <subfield code="a">díszítőművészet</subfield>
    </datafield>
    <datafield tag="700" ind1="1" ind2=" ">
      <subfield code="a">Barré-Despond, Arlette</subfield>
    </datafield>
    <datafield tag="852" ind1=" " ind2=" ">
      <subfield code="a">B10</subfield>
      <subfield code="b">0801</subfield>
      <subfield code="x">bibFSZ00055716</subfield>
    </datafield>
  </record>