
  <record>
    <leader>00711ncm  2200205   4500</leader>
    <controlfield tag="001">MOKKAZ0004753347  </controlfield>
    <controlfield tag="005">20090611083409.0</controlfield>
    <controlfield tag="008">031110s2000                        ger d</controlfield>
    <datafield tag="020" ind1=" " ind2=" ">
      <subfield code="a">963-9059-36-6 (kötött) :</subfield>
    </datafield>
    <datafield tag="035" ind1=" " ind2=" ">
      <subfield code="a">bibFSZ953104</subfield>
    </datafield>
    <datafield tag="040" ind1=" " ind2=" ">
      <subfield code="a">FSZEK</subfield>
    </datafield>
    <datafield tag="041" ind1=" " ind2=" ">
      <subfield code="a">ger</subfield>
      <subfield code="b">ger</subfield>
    </datafield>
    <datafield tag="245" ind1="0" ind2="0">
      <subfield code="a">100 deutsche Kinderlieder</subfield>
      <subfield code="h">[Nyomtatott kotta] :</subfield>
      <subfield code="b">für Klavier mit Liedertexten /</subfield>
      <subfield code="c">bearb. von István Máriássy ; ill. von Claudia Faber</subfield>
    </datafield>
    <datafield tag="254" ind1=" " ind2=" ">
      <subfield code="a">[Szóló]</subfield>
    </datafield>
    <datafield tag="260" ind1="1" ind2=" ">
      <subfield code="a">Budapest :</subfield>
      <subfield code="b">Könemann Music Budapest,</subfield>
      <subfield code="c">cop. 2000</subfield>
    </datafield>
    <datafield tag="300" ind1=" " ind2=" ">
      <subfield code="a">150 p. :</subfield>
      <subfield code="b">ill. ;</subfield>
      <subfield code="c">26 cm</subfield>
    </datafield>
    <datafield tag="500" ind1=" " ind2=" ">
      <subfield code="a">Akkordjelzésekkel</subfield>
    </datafield>
    <datafield tag="700" ind1="1" ind2=" ">
      <subfield code="a">Máriássy István</subfield>
      <subfield code="d">(1936-2009)</subfield>
      <subfield code="4">szerk.</subfield>
    </datafield>
    <datafield tag="700" ind1="1" ind2=" ">
      <subfield code="a">Faber, Claudia</subfield>
      <subfield code="4">ill.</subfield>
    </datafield>
    <datafield tag="852" ind1=" " ind2=" ">
      <subfield code="a">B10</subfield>
      <subfield code="b">0801Z</subfield>
      <subfield code="x">bibFSZ953104</subfield>
    </datafield>
  </record>