
  <record>
    <leader>00576nam  2200193 ir4500</leader>
    <controlfield tag="001">MOKKAN0004615634  </controlfield>
    <controlfield tag="005">20070503113709.0</controlfield>
    <controlfield tag="008">000222s1987                            d</controlfield>
    <datafield tag="035" ind1=" " ind2=" ">
      <subfield code="a">150144365</subfield>
    </datafield>
    <datafield tag="040" ind1=" " ind2=" ">
      <subfield code="a">BDK</subfield>
    </datafield>
    <datafield tag="100" ind1="1" ind2=" ">
      <subfield code="a">Silova, K. A.</subfield>
    </datafield>
    <datafield tag="245" ind1="0" ind2="0">
      <subfield code="a">100 dialogov po telefonu [hangdok.] /</subfield>
      <subfield code="c">K. A. Silova, E. E. Usmanova, I. Bakoni</subfield>
    </datafield>
    <datafield tag="260" ind1=" " ind2=" ">
      <subfield code="a">[Moskva] :</subfield>
      <subfield code="b">Melodiâ,</subfield>
      <subfield code="c">1987</subfield>
    </datafield>
    <datafield tag="300" ind1=" " ind2=" ">
      <subfield code="a">1 hangk. : sztereó + 1 könyvmell.</subfield>
    </datafield>
    <datafield tag="650" ind1=" " ind2="4">
      <subfield code="a">nyelvlecke</subfield>
    </datafield>
    <datafield tag="650" ind1=" " ind2="4">
      <subfield code="a">orosz nyelv</subfield>
    </datafield>
    <datafield tag="700" ind1="1" ind2=" ">
      <subfield code="a">Usmanova, E. E.</subfield>
      <subfield code="4">(író)</subfield>
    </datafield>
    <datafield tag="700" ind1="1" ind2=" ">
      <subfield code="a">Bakoni, I.</subfield>
      <subfield code="4">(író)</subfield>
    </datafield>
    <datafield tag="852" ind1=" " ind2=" ">
      <subfield code="a">SZO1</subfield>
      <subfield code="b">SZO1</subfield>
      <subfield code="x">150144365</subfield>
    </datafield>
  </record>