
  <record>
    <leader>00712nim  2200217 i 4500</leader>
    <controlfield tag="001">MOKKAS0001018313  </controlfield>
    <controlfield tag="005">20051215160212.0</controlfield>
    <controlfield tag="008">050903s1987    hu            00010 rus d</controlfield>
    <datafield tag="028" ind1="0" ind2="0">
      <subfield code="a">SM 01629</subfield>
    </datafield>
    <datafield tag="035" ind1=" " ind2=" ">
      <subfield code="a">bibBKO00093316</subfield>
    </datafield>
    <datafield tag="040" ind1=" " ind2=" ">
      <subfield code="a">BMK</subfield>
    </datafield>
    <datafield tag="100" ind1="1" ind2=" ">
      <subfield code="a">Silova, K.A.</subfield>
    </datafield>
    <datafield tag="245" ind1="1" ind2="0">
      <subfield code="a">100 dialogov po telefonu</subfield>
      <subfield code="h">[Hangfelvétel] =</subfield>
      <subfield code="b">100 párbeszéd telefonon /</subfield>
      <subfield code="c">Silova K.A., Usmanova E.E., Bakonyi I.</subfield>
    </datafield>
    <datafield tag="260" ind1=" " ind2=" ">
      <subfield code="a">Budapest ;</subfield>
      <subfield code="a">Moszkva :</subfield>
      <subfield code="b">Tankönyvkiadó Vállalat :</subfield>
      <subfield code="b">Russzkij Jazik,</subfield>
      <subfield code="c">1987</subfield>
    </datafield>
    <datafield tag="300" ind1=" " ind2=" ">
      <subfield code="a">1 db hangkazetta +</subfield>
      <subfield code="e">1 db könyv</subfield>
    </datafield>
    <datafield tag="306" ind1=" " ind2=" ">
      <subfield code="a">cca 60 min.</subfield>
    </datafield>
    <datafield tag="504" ind1=" " ind2=" ">
      <subfield code="a">Közös tokban</subfield>
    </datafield>
    <datafield tag="650" ind1=" " ind2="4">
      <subfield code="a">Nyelvlecke - orosz nyelv</subfield>
    </datafield>
    <datafield tag="700" ind1="1" ind2=" ">
      <subfield code="a">Usmanova, E.E.</subfield>
    </datafield>
    <datafield tag="700" ind1="1" ind2=" ">
      <subfield code="a">Bakonyi I.</subfield>
    </datafield>
    <datafield tag="852" ind1=" " ind2=" ">
      <subfield code="a">BCS1</subfield>
      <subfield code="b">BCS1</subfield>
      <subfield code="x">bibBKO00093316</subfield>
    </datafield>
  </record>