
  <record>
    <leader>00756nam  22002291i 4500</leader>
    <controlfield tag="001">MOKKAZ0004911392  </controlfield>
    <controlfield tag="005">20040910115107.0</controlfield>
    <controlfield tag="008">      s1987    rur           00010 rus0d</controlfield>
    <datafield tag="020" ind1=" " ind2=" ">
      <subfield code="a">963 18 0735 5</subfield>
    </datafield>
    <datafield tag="035" ind1=" " ind2=" ">
      <subfield code="a">bibJPT00198939</subfield>
    </datafield>
    <datafield tag="040" ind1=" " ind2=" ">
      <subfield code="a">PTE</subfield>
    </datafield>
    <datafield tag="041" ind1=" " ind2=" ">
      <subfield code="a">rushun</subfield>
    </datafield>
    <datafield tag="100" ind1="1" ind2=" ">
      <subfield code="a">Silova, Klara Aleksandrovna</subfield>
    </datafield>
    <datafield tag="245" ind1="1" ind2="0">
      <subfield code="a">100 dialogov po telefony =</subfield>
      <subfield code="b">100 párbeszéd telefonon /</subfield>
      <subfield code="c">K. A. Silova, E. E. Ustanova, Bakoni I.</subfield>
    </datafield>
    <datafield tag="260" ind1=" " ind2=" ">
      <subfield code="a">Moskva :</subfield>
      <subfield code="b">Russkij Âzyk ;</subfield>
      <subfield code="a">Budapest :</subfield>
      <subfield code="b">Tankönyvkiadó,</subfield>
      <subfield code="c">1987</subfield>
    </datafield>
    <datafield tag="300" ind1=" " ind2=" ">
      <subfield code="a">237, [3] p. ;</subfield>
      <subfield code="c">17 cm+</subfield>
      <subfield code="e">1 kazetta</subfield>
    </datafield>
    <datafield tag="695" ind1=" " ind2=" ">
      <subfield code="a">Orosz nyelv</subfield>
    </datafield>
    <datafield tag="695" ind1=" " ind2=" ">
      <subfield code="a">Orosz nyelvkönyv</subfield>
    </datafield>
    <datafield tag="700" ind1="1" ind2="0">
      <subfield code="a">Usmanova, Elena Eduardovna</subfield>
    </datafield>
    <datafield tag="700" ind1="1" ind2=" ">
      <subfield code="a">Bakonyi István</subfield>
      <subfield code="d">(1952-)</subfield>
    </datafield>
    <datafield tag="740" ind1="0" ind2=" ">
      <subfield code="a">Sto dialogov po telefony</subfield>
    </datafield>
    <datafield tag="852" ind1=" " ind2=" ">
      <subfield code="a">P1</subfield>
      <subfield code="b">P1/FK</subfield>
      <subfield code="x">bibJPT00198939</subfield>
    </datafield>
  </record>