
  <record>
    <leader>00807aam  2200241 i 4500</leader>
    <controlfield tag="001">MOKKAZ0006267944  </controlfield>
    <controlfield tag="005">20040915184136.0</controlfield>
    <controlfield tag="008">940510t19881987hu            000 0 rus d</controlfield>
    <datafield tag="020" ind1=" " ind2=" ">
      <subfield code="a">963-18-0735-5 (fűzött)</subfield>
    </datafield>
    <datafield tag="035" ind1=" " ind2=" ">
      <subfield code="a">636080</subfield>
    </datafield>
    <datafield tag="040" ind1=" " ind2=" ">
      <subfield code="a">OSZK</subfield>
    </datafield>
    <datafield tag="041" ind1="0" ind2=" ">
      <subfield code="a">rusrushun</subfield>
      <subfield code="g">hun</subfield>
    </datafield>
    <datafield tag="072" ind1=" " ind2="1">
      <subfield code="a">L</subfield>
    </datafield>
    <datafield tag="100" ind1="1" ind2=" ">
      <subfield code="a">Silova, Klara Aleksandrovna</subfield>
    </datafield>
    <datafield tag="245" ind1="1" ind2="0">
      <subfield code="a">100 dialogov po telefonu = </subfield>
      <subfield code="b">100 párbeszéd telefonon /</subfield>
      <subfield code="c">K. A. Silova, E. E. Usmanova, Bakoni I.</subfield>
    </datafield>
    <datafield tag="246" ind1="1" ind2="1">
      <subfield code="a">100 párbeszéd telefonon</subfield>
    </datafield>
    <datafield tag="260" ind1=" " ind2=" ">
      <subfield code="a">Budapest :</subfield>
      <subfield code="b">Tankvk.</subfield>
      <subfield code="a">Moskva :</subfield>
      <subfield code="b">Russkij âzyk,</subfield>
      <subfield code="c">1987 [!1988]</subfield>
      <subfield code="e">([Moskva]</subfield>
      <subfield code="f">[s.n.])</subfield>
    </datafield>
    <datafield tag="300" ind1=" " ind2=" ">
      <subfield code="a">237 p. :</subfield>
      <subfield code="b">ill., színes ;</subfield>
      <subfield code="c">17 cm +</subfield>
      <subfield code="e">1 kazetta</subfield>
    </datafield>
    <datafield tag="500" ind1=" " ind2=" ">
      <subfield code="a">Dobozban</subfield>
    </datafield>
    <datafield tag="500" ind1=" " ind2=" ">
      <subfield code="a">Csak orosz nyelven</subfield>
    </datafield>
    <datafield tag="700" ind1="1" ind2="0">
      <subfield code="a">Usmanova, Elena Èduardovna</subfield>
    </datafield>
    <datafield tag="700" ind1="1" ind2="0">
      <subfield code="a">Bakonyi István</subfield>
      <subfield code="d">(1939-)</subfield>
    </datafield>
    <datafield tag="852" ind1=" " ind2=" ">
      <subfield code="a">B1</subfield>
      <subfield code="b">B1</subfield>
      <subfield code="x">636080</subfield>
    </datafield>
  </record>