
  <record>
    <leader>00821cjm  22002291  4500</leader>
    <controlfield tag="001">MOKKAZ0004601966  </controlfield>
    <controlfield tag="005">20090716045107.0</controlfield>
    <controlfield tag="008">      s1987    ru                  rus d</controlfield>
    <datafield tag="028" ind1="4" ind2="2">
      <subfield code="a">CM 01629</subfield>
    </datafield>
    <datafield tag="035" ind1=" " ind2=" ">
      <subfield code="a">bibFSZ00448179</subfield>
    </datafield>
    <datafield tag="040" ind1=" " ind2=" ">
      <subfield code="a">FSZEK</subfield>
    </datafield>
    <datafield tag="100" ind1="1" ind2=" ">
      <subfield code="a">Silova, Klara Aleksandrovna</subfield>
    </datafield>
    <datafield tag="245" ind1="1" ind2="0">
      <subfield code="a">100 dialogov po telefonu</subfield>
      <subfield code="h">[Hangfelvétel] =</subfield>
      <subfield code="b">[100 párbeszéd telefonon] /</subfield>
      <subfield code="c">K.A. Silova, E.J. Uszmanova, Bakonyi I.</subfield>
    </datafield>
    <datafield tag="246" ind1=" " ind2="1">
      <subfield code="a">100 párbeszéd telefonon</subfield>
    </datafield>
    <datafield tag="260" ind1=" " ind2=" ">
      <subfield code="a">[Moskva] :</subfield>
      <subfield code="b">Russkij Âzyk ;</subfield>
      <subfield code="a">[Budapest] :</subfield>
      <subfield code="b">[Tankvk.],</subfield>
      <subfield code="c">1987</subfield>
    </datafield>
    <datafield tag="300" ind1=" " ind2=" ">
      <subfield code="a">1 hangk. +</subfield>
      <subfield code="e">1 t.</subfield>
    </datafield>
    <datafield tag="500" ind1=" " ind2=" ">
      <subfield code="a">Az azonos c. tankönyv melléklete</subfield>
    </datafield>
    <datafield tag="695" ind1=" " ind2="1">
      <subfield code="a">nyelvoktató</subfield>
    </datafield>
    <datafield tag="695" ind1=" " ind2="1">
      <subfield code="a">orosz</subfield>
    </datafield>
    <datafield tag="700" ind1="1" ind2=" ">
      <subfield code="a">Uszmanova, Elena Eduardovna</subfield>
    </datafield>
    <datafield tag="700" ind1="1" ind2=" ">
      <subfield code="a">Bakonyi István</subfield>
      <subfield code="d">(1939-)</subfield>
      <subfield code="c">(pedagógiai szakíró, szlavista)</subfield>
    </datafield>
    <datafield tag="852" ind1=" " ind2=" ">
      <subfield code="a">B10</subfield>
      <subfield code="b">1105</subfield>
      <subfield code="b">1004</subfield>
      <subfield code="b">0602</subfield>
      <subfield code="x">bibFSZ00448179</subfield>
    </datafield>
  </record>