
  <record>
    <leader>00724nam  2200229 i 4500</leader>
    <controlfield tag="001">MOKKAW0005244290  </controlfield>
    <controlfield tag="005">20080408025727.0</controlfield>
    <controlfield tag="008">050714s1987                        rus d</controlfield>
    <datafield tag="035" ind1=" " ind2=" ">
      <subfield code="a">OIK607381</subfield>
    </datafield>
    <datafield tag="040" ind1=" " ind2=" ">
      <subfield code="a">OIK</subfield>
    </datafield>
    <datafield tag="041" ind1="0" ind2=" ">
      <subfield code="a">rushun</subfield>
    </datafield>
    <datafield tag="100" ind1="1" ind2=" ">
      <subfield code="a">Šilova Klara Aleksandrovna</subfield>
    </datafield>
    <datafield tag="245" ind1="1" ind2="0">
      <subfield code="a">100 dialogov po telefonu /</subfield>
      <subfield code="c">K. A. Šilova, E. E. Usmanova, Bakoni I</subfield>
    </datafield>
    <datafield tag="246" ind1="1" ind2="1">
      <subfield code="a">100 párbeszéd telefonon</subfield>
    </datafield>
    <datafield tag="260" ind1=" " ind2=" ">
      <subfield code="a">Moskva</subfield>
      <subfield code="a">Budapest :</subfield>
      <subfield code="b">Russkij âzyk :</subfield>
      <subfield code="b">Tankönyvkiadó,</subfield>
      <subfield code="c">1987</subfield>
    </datafield>
    <datafield tag="300" ind1=" " ind2=" ">
      <subfield code="a">237 p :</subfield>
      <subfield code="b">ill ;</subfield>
      <subfield code="c">17 cm +</subfield>
      <subfield code="e">hangkazetta</subfield>
    </datafield>
    <datafield tag="500" ind1=" " ind2=" ">
      <subfield code="a">Részben ciril betűs</subfield>
    </datafield>
    <datafield tag="650" ind1=" " ind2="4">
      <subfield code="a">Orosz nyelvkönyvek</subfield>
    </datafield>
    <datafield tag="700" ind1="1" ind2="0">
      <subfield code="a">Usmanova Elena Eduardovna</subfield>
    </datafield>
    <datafield tag="700" ind1="1" ind2="0">
      <subfield code="a">Bakonyi István</subfield>
    </datafield>
    <datafield tag="852" ind1=" " ind2=" ">
      <subfield code="a">B14</subfield>
      <subfield code="b">B14</subfield>
      <subfield code="x">OIK607381</subfield>
    </datafield>
    <datafield tag="852" ind1=" " ind2=" ">
      <subfield code="a">B14</subfield>
      <subfield code="b">B14</subfield>
      <subfield code="x">607381</subfield>
    </datafield>
  </record>