
  <record>
    <leader>00564cam  2200205 i 4500</leader>
    <controlfield tag="001">MOKKAS0001986132  </controlfield>
    <controlfield tag="005">20060531210716.0</controlfield>
    <controlfield tag="008">050712c1990    be            000 0 fre d</controlfield>
    <datafield tag="020" ind1=" " ind2=" ">
      <subfield code="a">2501013506</subfield>
    </datafield>
    <datafield tag="035" ind1=" " ind2=" ">
      <subfield code="a">301415</subfield>
    </datafield>
    <datafield tag="040" ind1=" " ind2=" ">
      <subfield code="a">ELTE</subfield>
    </datafield>
    <datafield tag="041" ind1="0" ind2=" ">
      <subfield code="a">fre</subfield>
    </datafield>
    <datafield tag="100" ind1="1" ind2=" ">
      <subfield code="a">Franlain</subfield>
    </datafield>
    <datafield tag="245" ind1="1" ind2="0">
      <subfield code="a">100 dictées pieges /</subfield>
      <subfield code="c">Franlain</subfield>
    </datafield>
    <datafield tag="260" ind1=" " ind2=" ">
      <subfield code="a">[Alleur] :</subfield>
      <subfield code="b">Marabout,</subfield>
      <subfield code="c">cop. 1990</subfield>
    </datafield>
    <datafield tag="300" ind1=" " ind2=" ">
      <subfield code="a">209 p. ;</subfield>
      <subfield code="c">18 cm</subfield>
    </datafield>
    <datafield tag="490" ind1="1" ind2=" ">
      <subfield code="a">(Marabout Service : Parascolaire formation permanente ;</subfield>
      <subfield code="v">96.)</subfield>
    </datafield>
    <datafield tag="650" ind1="0" ind2="4">
      <subfield code="a">helyesírás</subfield>
      <subfield code="z">francia</subfield>
    </datafield>
    <datafield tag="830" ind1=" " ind2="0">
      <subfield code="a">Marabout service</subfield>
    </datafield>
    <datafield tag="852" ind1=" " ind2=" ">
      <subfield code="a">B2</subfield>
      <subfield code="b">B2</subfield>
      <subfield code="x">301415</subfield>
    </datafield>
  </record>