
  <record>
    <leader>00369cam  22001217  4500</leader>
    <controlfield tag="001">MOKKAZ0004607342  </controlfield>
    <controlfield tag="005">20040910084059.0</controlfield>
    <controlfield tag="008">000211s1934                  00    hun d</controlfield>
    <datafield tag="035" ind1=" " ind2=" ">
      <subfield code="a">bibFSZ24528</subfield>
    </datafield>
    <datafield tag="040" ind1=" " ind2=" ">
      <subfield code="a">FSZEK</subfield>
    </datafield>
    <datafield tag="245" ind1="0" ind2="0">
      <subfield code="a">100 diétás recept és étrend :</subfield>
      <subfield code="c">irta és összeáll. Szekeres Józsefné</subfield>
    </datafield>
    <datafield tag="260" ind1=" " ind2=" ">
      <subfield code="a">Budapest :</subfield>
      <subfield code="b">Cserépfalvy,</subfield>
      <subfield code="c">1934</subfield>
    </datafield>
    <datafield tag="852" ind1=" " ind2=" ">
      <subfield code="a">B10</subfield>
      <subfield code="b">0801B</subfield>
      <subfield code="x">bibFSZ24528</subfield>
    </datafield>
  </record>