
  <record>
    <leader>00564nama 22001811i 4500</leader>
    <controlfield tag="001">MOKKAS0000811399  </controlfield>
    <controlfield tag="005">20060617012404.0</controlfield>
    <controlfield tag="008">041124s1934    hu            000 0 hunod</controlfield>
    <datafield tag="035" ind1=" " ind2=" ">
      <subfield code="a">1570677</subfield>
    </datafield>
    <datafield tag="040" ind1=" " ind2=" ">
      <subfield code="a">OSZK</subfield>
    </datafield>
    <datafield tag="041" ind1="0" ind2=" ">
      <subfield code="a">hunhun</subfield>
    </datafield>
    <datafield tag="100" ind1="1" ind2=" ">
      <subfield code="a">Szekeres Józsefné</subfield>
      <subfield code="c">bánokszentgyörgyi</subfield>
      <subfield code="c">(cédulakatalógus alapján)</subfield>
    </datafield>
    <datafield tag="245" ind1="1" ind2="0">
      <subfield code="a">100 diétás recept és étrend /</subfield>
      <subfield code="c">bánokszentgyörgyi Szekeres Józsefné</subfield>
    </datafield>
    <datafield tag="260" ind1=" " ind2=" ">
      <subfield code="a">Budapest :</subfield>
      <subfield code="b">Cserépfalvi,</subfield>
      <subfield code="c">1934</subfield>
    </datafield>
    <datafield tag="300" ind1=" " ind2=" ">
      <subfield code="a">107, [5] p. ;</subfield>
      <subfield code="c">16 cm</subfield>
    </datafield>
    <datafield tag="490" ind1="1" ind2=" ">
      <subfield code="a">Francia konyha</subfield>
    </datafield>
    <datafield tag="830" ind1=" " ind2="0">
      <subfield code="a">Francia konyha</subfield>
    </datafield>
    <datafield tag="852" ind1=" " ind2=" ">
      <subfield code="a">B1</subfield>
      <subfield code="b">B1</subfield>
      <subfield code="x">1570677</subfield>
    </datafield>
  </record>