
  <record>
    <leader>00616ncm  2200205 i 4500</leader>
    <controlfield tag="001">MOKKAN0004952955  </controlfield>
    <controlfield tag="005">20071114035650.0</controlfield>
    <controlfield tag="008">070724s1885    ge                  ger d</controlfield>
    <datafield tag="028" ind1="3" ind2="0">
      <subfield code="a">987</subfield>
      <subfield code="b">J. G. Seeling, Dresden</subfield>
    </datafield>
    <datafield tag="035" ind1=" " ind2=" ">
      <subfield code="a">bibDEK00645483</subfield>
    </datafield>
    <datafield tag="040" ind1=" " ind2=" ">
      <subfield code="a">DEENK</subfield>
    </datafield>
    <datafield tag="041" ind1=" " ind2=" ">
      <subfield code="a">ger</subfield>
    </datafield>
    <datafield tag="100" ind1="1" ind2=" ">
      <subfield code="a">Franz, Oscar</subfield>
      <subfield code="c">(kürt-tanár)</subfield>
    </datafield>
    <datafield tag="245" ind1="1" ind2="4">
      <subfield code="a">100 Duetten II.</subfield>
      <subfield code="h">[Nyomtatott kotta] :</subfield>
      <subfield code="b">Zwei Waldhörner /</subfield>
      <subfield code="c">Oscar Franz</subfield>
    </datafield>
    <datafield tag="254" ind1=" " ind2=" ">
      <subfield code="a">Szóló (kürt)</subfield>
    </datafield>
    <datafield tag="260" ind1=" " ind2=" ">
      <subfield code="a">Dresden :</subfield>
      <subfield code="b">J. G. Seeling,</subfield>
      <subfield code="c">[s. a]</subfield>
    </datafield>
    <datafield tag="300" ind1=" " ind2=" ">
      <subfield code="a">53 p. ;</subfield>
      <subfield code="c">35 cm</subfield>
    </datafield>
    <datafield tag="505" ind1="0" ind2="0">
      <subfield code="t">No. 54-100</subfield>
    </datafield>
    <datafield tag="695" ind1=" " ind2=" ">
      <subfield code="a">kürtművek</subfield>
      <subfield code="x">duett</subfield>
      <subfield code="x">kürtduett</subfield>
    </datafield>
    <datafield tag="852" ind1=" " ind2=" ">
      <subfield code="a">D1</subfield>
      <subfield code="b">D1/Z</subfield>
      <subfield code="x">bibDEK00645483</subfield>
    </datafield>
  </record>