
  <record>
    <leader>00754nama 22002051i 4500</leader>
    <controlfield tag="001">MOKKAS0000628326  </controlfield>
    <controlfield tag="005">20060614182510.0</controlfield>
    <controlfield tag="008">041001s1973    lv            000 0 undod</controlfield>
    <datafield tag="035" ind1=" " ind2=" ">
      <subfield code="a">1387202</subfield>
    </datafield>
    <datafield tag="040" ind1=" " ind2=" ">
      <subfield code="a">OSZK</subfield>
    </datafield>
    <datafield tag="041" ind1="1" ind2=" ">
      <subfield code="a">undund</subfield>
      <subfield code="h">hun</subfield>
    </datafield>
    <datafield tag="100" ind1="1" ind2=" ">
      <subfield code="a">Petőfi Sándor</subfield>
      <subfield code="d">(1823-1849)</subfield>
    </datafield>
    <datafield tag="245" ind1="1" ind2="0">
      <subfield code="a">100 dzejoli /</subfield>
      <subfield code="c">Sandors Petefi ; [sastadijusi Pauline Palmeosa] ; [no ungaru valodas atdzejojis Laimonis Kamara] ; [makslinieks Sergejs Adamovics]</subfield>
    </datafield>
    <datafield tag="260" ind1=" " ind2=" ">
      <subfield code="a">Riga :</subfield>
      <subfield code="b">Liesma,</subfield>
      <subfield code="c">1973</subfield>
    </datafield>
    <datafield tag="300" ind1=" " ind2=" ">
      <subfield code="a">212 p., 6 t. ;</subfield>
      <subfield code="c">18 cm</subfield>
    </datafield>
    <datafield tag="700" ind1="1" ind2=" ">
      <subfield code="a">Kamara, Laimonis</subfield>
      <subfield code="c">(cédulakatalógus alapján)</subfield>
      <subfield code="4">(ford.)</subfield>
    </datafield>
    <datafield tag="700" ind1="1" ind2=" ">
      <subfield code="a">Palmeos, Pauline</subfield>
      <subfield code="4">(összeáll.)</subfield>
    </datafield>
    <datafield tag="700" ind1="1" ind2=" ">
      <subfield code="a">Adamovič, Sergej</subfield>
      <subfield code="c">(cédulakatalógus alapján)</subfield>
      <subfield code="4">(közrem.)</subfield>
    </datafield>
    <datafield tag="852" ind1=" " ind2=" ">
      <subfield code="a">B1</subfield>
      <subfield code="b">B1</subfield>
      <subfield code="x">1387202</subfield>
    </datafield>
    <datafield tag="852" ind1=" " ind2=" ">
      <subfield code="a">B2</subfield>
      <subfield code="b">B2</subfield>
      <subfield code="x">258289</subfield>
    </datafield>
  </record>