
  <record>
    <leader>00322ncm  2200121 i 4500</leader>
    <controlfield tag="001">MOKKAS0003601687  </controlfield>
    <controlfield tag="005">20060606150753.0</controlfield>
    <controlfield tag="008">050716s                                d</controlfield>
    <datafield tag="035" ind1=" " ind2=" ">
      <subfield code="a">864125</subfield>
    </datafield>
    <datafield tag="040" ind1=" " ind2=" ">
      <subfield code="a">OIK</subfield>
    </datafield>
    <datafield tag="100" ind1="1" ind2=" ">
      <subfield code="a">Melngailis, Emilis</subfield>
      <subfield code="d">(1874.02.15-1954.12.20)</subfield>
    </datafield>
    <datafield tag="245" ind1="1" ind2="0">
      <subfield code="a">100 dziesmas</subfield>
      <subfield code="h">nyomtatott kotta</subfield>
    </datafield>
    <datafield tag="852" ind1=" " ind2=" ">
      <subfield code="a">B14</subfield>
      <subfield code="b">B14</subfield>
      <subfield code="x">864125</subfield>
    </datafield>
  </record>