
  <record>
    <leader>00325cam  22001217  4500</leader>
    <controlfield tag="001">MOKKAZ0004519157  </controlfield>
    <controlfield tag="005">20040910075435.0</controlfield>
    <controlfield tag="008">      s194?                        und d</controlfield>
    <datafield tag="035" ind1=" " ind2=" ">
      <subfield code="a">bibFSZ00365412</subfield>
    </datafield>
    <datafield tag="040" ind1=" " ind2=" ">
      <subfield code="a">FSZEK</subfield>
    </datafield>
    <datafield tag="245" ind1="0" ind2="0">
      <subfield code="a">100 Endspiele /</subfield>
      <subfield code="c">A.S. Selesnieff</subfield>
    </datafield>
    <datafield tag="260" ind1=" " ind2=" ">
      <subfield code="a">[S.l.] :</subfield>
      <subfield code="b">[S.n.],</subfield>
      <subfield code="c">[194?]</subfield>
    </datafield>
    <datafield tag="852" ind1=" " ind2=" ">
      <subfield code="a">B10</subfield>
      <subfield code="b">0801</subfield>
      <subfield code="x">bibFSZ00365412</subfield>
    </datafield>
  </record>