
  <record>
    <leader>00526nama 22001571i 4500</leader>
    <controlfield tag="001">MOKKAW0006080019  </controlfield>
    <controlfield tag="005">20080912182715.0</controlfield>
    <controlfield tag="008">080912s1953    hu            000 0 hunod</controlfield>
    <datafield tag="035" ind1=" " ind2=" ">
      <subfield code="a">bibSOK00439360</subfield>
    </datafield>
    <datafield tag="040" ind1=" " ind2=" ">
      <subfield code="a">SK</subfield>
    </datafield>
    <datafield tag="245" ind1="0" ind2="0">
      <subfield code="a">100 építőipari újítás /</subfield>
      <subfield code="c">[közread. az] Építésügyi Minisztérium Műszaki Főosztálya ; [szerk Jakó Sándor]</subfield>
    </datafield>
    <datafield tag="260" ind1=" " ind2=" ">
      <subfield code="a">Budapest :</subfield>
      <subfield code="b">Építésügyi Kiadó,</subfield>
      <subfield code="c">1953</subfield>
    </datafield>
    <datafield tag="300" ind1=" " ind2=" ">
      <subfield code="a">127 p. :</subfield>
      <subfield code="b">ill. ;</subfield>
      <subfield code="c">20 cm</subfield>
    </datafield>
    <datafield tag="695" ind1=" " ind2=" ">
      <subfield code="a">Építőipar</subfield>
    </datafield>
    <datafield tag="700" ind1="1" ind2=" ">
      <subfield code="a">Jakó Sándor</subfield>
    </datafield>
    <datafield tag="852" ind1=" " ind2=" ">
      <subfield code="a">SZ4</subfield>
      <subfield code="b">SZ4/R2</subfield>
      <subfield code="x">bibSOK00439360</subfield>
    </datafield>
  </record>