
  <record>
    <leader>00370cam  22001331  4500</leader>
    <controlfield tag="001">MOKKAZ0004658249  </controlfield>
    <controlfield tag="005">20040910090846.0</controlfield>
    <controlfield tag="008">      s1889                        hun d</controlfield>
    <datafield tag="020" ind1=" " ind2=" ">
      <subfield code="a">in68252</subfield>
    </datafield>
    <datafield tag="035" ind1=" " ind2=" ">
      <subfield code="a">bibFSZ00563694</subfield>
    </datafield>
    <datafield tag="040" ind1=" " ind2=" ">
      <subfield code="a">FSZEK</subfield>
    </datafield>
    <datafield tag="245" ind1="0" ind2="0">
      <subfield code="a">100 eredeti magyar népdal /</subfield>
      <subfield code="c">írta Baloghy Dezső</subfield>
    </datafield>
    <datafield tag="260" ind1=" " ind2=" ">
      <subfield code="a">B.-Gyarmat :</subfield>
      <subfield code="b">[S.n.],</subfield>
      <subfield code="c">1889</subfield>
    </datafield>
    <datafield tag="852" ind1=" " ind2=" ">
      <subfield code="a">B10</subfield>
      <subfield code="b">0801B</subfield>
      <subfield code="x">bibFSZ00563694</subfield>
    </datafield>
  </record>