
  <record>
    <leader>01016aam  2200277 ir4500</leader>
    <controlfield tag="001">MOKKAZ0006218466  </controlfield>
    <controlfield tag="005">20090621044531.0</controlfield>
    <controlfield tag="008">940509t19861985hu            000 0 hun d</controlfield>
    <datafield tag="020" ind1=" " ind2=" ">
      <subfield code="a">963-01-7083-3* (fűzött) :</subfield>
      <subfield code="c">50,- Ft</subfield>
    </datafield>
    <datafield tag="035" ind1=" " ind2=" ">
      <subfield code="a">786179</subfield>
    </datafield>
    <datafield tag="040" ind1=" " ind2=" ">
      <subfield code="a">OSZK</subfield>
    </datafield>
    <datafield tag="041" ind1="0" ind2=" ">
      <subfield code="a">hunhun</subfield>
    </datafield>
    <datafield tag="245" ind1="1" ind2="0">
      <subfield code="a">100 és 75 éve történt : </subfield>
      <subfield code="b">Adatok a testnevelés és sport tárgyköréből /</subfield>
      <subfield code="c">szerk. Szerblák Elek</subfield>
    </datafield>
    <datafield tag="260" ind1=" " ind2=" ">
      <subfield code="a">Budapest :</subfield>
      <subfield code="b">Testnevelési és Sportmúz.,</subfield>
      <subfield code="c">1985 [!1986]</subfield>
      <subfield code="e">([Budapest]</subfield>
      <subfield code="f">Sportprop. Váll.)</subfield>
    </datafield>
    <datafield tag="300" ind1=" " ind2=" ">
      <subfield code="a">185 p. ;</subfield>
      <subfield code="c">24 cm</subfield>
    </datafield>
    <datafield tag="490" ind1="1" ind2=" ">
      <subfield code="a">A Testnevelési és Sportmúzeum közleményei</subfield>
      <subfield code="x">0231-0899</subfield>
      <subfield code="v">3.</subfield>
    </datafield>
    <datafield tag="650" ind1=" " ind2="4">
      <subfield code="a">sporttörténet</subfield>
    </datafield>
    <datafield tag="650" ind1=" " ind2="4">
      <subfield code="a">1886</subfield>
    </datafield>
    <datafield tag="650" ind1=" " ind2="4">
      <subfield code="a">1911</subfield>
    </datafield>
    <datafield tag="650" ind1=" " ind2="4">
      <subfield code="a">eseménynaptárak</subfield>
    </datafield>
    <datafield tag="653" ind1=" " ind2=" ">
      <subfield code="a">testnevelés és sportügyek dokumentumai 1886-os és 1911-es évből Magyarországon</subfield>
    </datafield>
    <datafield tag="700" ind1="1" ind2=" ">
      <subfield code="a">Szerblák Elek</subfield>
      <subfield code="4">(szerk.)</subfield>
    </datafield>
    <datafield tag="830" ind1=" " ind2="2">
      <subfield code="a">A Testnevelési és Sportmúzeum közleményei</subfield>
    </datafield>
    <datafield tag="852" ind1=" " ind2=" ">
      <subfield code="a">B1</subfield>
      <subfield code="b">B1</subfield>
      <subfield code="x">786179</subfield>
    </datafield>
    <datafield tag="852" ind1=" " ind2=" ">
      <subfield code="a">M2</subfield>
      <subfield code="b">M2</subfield>
      <subfield code="x">bibRFK00073825</subfield>
    </datafield>
    <datafield tag="852" ind1=" " ind2=" ">
      <subfield code="a">B8</subfield>
      <subfield code="b">B8</subfield>
      <subfield code="x">OGYK000198528</subfield>
    </datafield>
  </record>