
  <record>
    <leader>00687nama 22002051i 4500</leader>
    <controlfield tag="001">MOKKAS0000561606  </controlfield>
    <controlfield tag="005">20060117231356.0</controlfield>
    <controlfield tag="008">040903s1969    hu            000 0 hunod</controlfield>
    <datafield tag="035" ind1=" " ind2=" ">
      <subfield code="a">1320402</subfield>
    </datafield>
    <datafield tag="040" ind1=" " ind2=" ">
      <subfield code="a">OSZK</subfield>
    </datafield>
    <datafield tag="041" ind1="0" ind2=" ">
      <subfield code="a">hunhun</subfield>
    </datafield>
    <datafield tag="100" ind1="1" ind2=" ">
      <subfield code="a">Antall József</subfield>
    </datafield>
    <datafield tag="245" ind1="1" ind2="0">
      <subfield code="a">100 esztendős a népiskolai törvény : </subfield>
      <subfield code="b">Eötvös József és az 1868. évi népiskolai törvény országgyűlési vitája /</subfield>
      <subfield code="c">Antall József</subfield>
    </datafield>
    <datafield tag="260" ind1=" " ind2=" ">
      <subfield code="a">Budapest :</subfield>
      <subfield code="b">Akad. Ny.,</subfield>
      <subfield code="c">1969</subfield>
    </datafield>
    <datafield tag="300" ind1=" " ind2=" ">
      <subfield code="a">p. 414-433. ;</subfield>
      <subfield code="c">24 cm</subfield>
    </datafield>
    <datafield tag="580" ind1=" " ind2=" ">
      <subfield code="a">Klny.: Magyar Pedagógia 1968.</subfield>
    </datafield>
    <datafield tag="600" ind1="1" ind2="4">
      <subfield code="a">Eötvös József</subfield>
      <subfield code="d">(1813-1871)</subfield>
    </datafield>
    <datafield tag="650" ind1="0" ind2="4">
      <subfield code="a">népisjkolai törvény</subfield>
      <subfield code="y">1868</subfield>
      <subfield code="z">magyar</subfield>
    </datafield>
    <datafield tag="852" ind1=" " ind2=" ">
      <subfield code="a">B1</subfield>
      <subfield code="b">B1</subfield>
      <subfield code="x">1320402</subfield>
    </datafield>
    <datafield tag="852" ind1=" " ind2=" ">
      <subfield code="a">B2</subfield>
      <subfield code="b">B2</subfield>
      <subfield code="x">66801</subfield>
    </datafield>
  </record>