
  <record>
    <leader>00847nam  2200229 i 4500</leader>
    <controlfield tag="001">MOKKAZ0006388541  </controlfield>
    <controlfield tag="005">20090919022026.0</controlfield>
    <controlfield tag="008">000214s1998    hu arc        000 0dhun d</controlfield>
    <datafield tag="020" ind1=" " ind2=" ">
      <subfield code="a">963-85649-8-9 (kötött)</subfield>
    </datafield>
    <datafield tag="035" ind1=" " ind2=" ">
      <subfield code="a">411446</subfield>
    </datafield>
    <datafield tag="040" ind1=" " ind2=" ">
      <subfield code="a">OSZK</subfield>
    </datafield>
    <datafield tag="041" ind1="0" ind2=" ">
      <subfield code="a">hunhun</subfield>
    </datafield>
    <datafield tag="245" ind1="0" ind2="0">
      <subfield code="a">100 esztendő a gyapjúminősítés szolgálatában /</subfield>
      <subfield code="c">[szerk. Megyerné Nagy Judit].</subfield>
    </datafield>
    <datafield tag="260" ind1=" " ind2=" ">
      <subfield code="a">Budapest :</subfield>
      <subfield code="b">[OMMI],</subfield>
      <subfield code="c">1998</subfield>
      <subfield code="e">([S.l.]</subfield>
      <subfield code="f">Hungapig)</subfield>
    </datafield>
    <datafield tag="300" ind1=" " ind2=" ">
      <subfield code="a">73 p. :</subfield>
      <subfield code="b">ill., részben színes ;</subfield>
      <subfield code="c">18x24 cm +</subfield>
      <subfield code="e">mell.</subfield>
    </datafield>
    <datafield tag="500" ind1=" " ind2=" ">
      <subfield code="a">Közread. az Országos Mezőgazdasági Minősítő Intézet</subfield>
    </datafield>
    <datafield tag="500" ind1=" " ind2=" ">
      <subfield code="a">Példányszám: 200</subfield>
    </datafield>
    <datafield tag="504" ind1=" " ind2=" ">
      <subfield code="a">Bibliogr.: p. 56-65.</subfield>
      <subfield code="b">72-73.</subfield>
    </datafield>
    <datafield tag="700" ind1="2" ind2=" ">
      <subfield code="a">Megyerné Nagy Judit</subfield>
      <subfield code="4">(szerk.)</subfield>
    </datafield>
    <datafield tag="710" ind1="2" ind2=" ">
      <subfield code="a">Országos Mezőgazdasági Minősítő Intézet (Budapest)</subfield>
      <subfield code="4">közread.</subfield>
    </datafield>
    <datafield tag="852" ind1=" " ind2=" ">
      <subfield code="a">B1</subfield>
      <subfield code="b">B1</subfield>
      <subfield code="x">411446</subfield>
    </datafield>
    <datafield tag="852" ind1=" " ind2=" ">
      <subfield code="a">S1</subfield>
      <subfield code="b">Mo1</subfield>
      <subfield code="b">MO1</subfield>
      <subfield code="x">MOKKAZ0006388541</subfield>
    </datafield>
  </record>