
  <record>
    <leader>00953nama 22003011i 4500</leader>
    <controlfield tag="001">MOKKAS0000450114  </controlfield>
    <controlfield tag="005">20100506201916.0</controlfield>
    <controlfield tag="008">040607s1974    hu            000 0 hunod</controlfield>
    <datafield tag="035" ind1=" " ind2=" ">
      <subfield code="a">1208876</subfield>
    </datafield>
    <datafield tag="040" ind1=" " ind2=" ">
      <subfield code="a">OSZK</subfield>
    </datafield>
    <datafield tag="041" ind1="0" ind2=" ">
      <subfield code="a">hunhun</subfield>
    </datafield>
    <datafield tag="080" ind1=" " ind2=" ">
      <subfield code="a">351.78(439Kapuvár)"1874/1974"</subfield>
    </datafield>
    <datafield tag="080" ind1=" " ind2=" ">
      <subfield code="a">614.84(439Kapuvár)"1874/1974"</subfield>
    </datafield>
    <datafield tag="100" ind1="1" ind2=" ">
      <subfield code="a">Faragó Sándor</subfield>
    </datafield>
    <datafield tag="245" ind1="1" ind2="0">
      <subfield code="a">100 év a tűzoltás szolgálatában Kapuvárott : </subfield>
      <subfield code="b">1874-1974 /</subfield>
      <subfield code="c">Faragó Sándor ; [kiad.] Kapuvár Város Tanácsa</subfield>
    </datafield>
    <datafield tag="260" ind1=" " ind2=" ">
      <subfield code="a">[Kapuvár] :</subfield>
      <subfield code="b">Kapuvár Város Tanácsa,</subfield>
      <subfield code="c">1974</subfield>
      <subfield code="e">(Sopron</subfield>
      <subfield code="f">Sopron M. Ny.)</subfield>
    </datafield>
    <datafield tag="300" ind1=" " ind2=" ">
      <subfield code="a">79 p. :</subfield>
      <subfield code="b">ill. ;</subfield>
      <subfield code="c">17 cm</subfield>
    </datafield>
    <datafield tag="610" ind1="1" ind2="4">
      <subfield code="a">Önkéntes Tűzoltó Testület (Kapuvár)</subfield>
    </datafield>
    <datafield tag="650" ind1=" " ind2="4">
      <subfield code="a">helyi szakíró</subfield>
    </datafield>
    <datafield tag="650" ind1=" " ind2="4">
      <subfield code="a">tűzoltóság</subfield>
    </datafield>
    <datafield tag="650" ind1=" " ind2="4">
      <subfield code="a">helytörténet</subfield>
    </datafield>
    <datafield tag="650" ind1=" " ind2="4">
      <subfield code="a">jubileum</subfield>
    </datafield>
    <datafield tag="651" ind1=" " ind2="4">
      <subfield code="a">Kapuvár</subfield>
    </datafield>
    <datafield tag="653" ind1=" " ind2=" ">
      <subfield code="a">1874-1974</subfield>
    </datafield>
    <datafield tag="653" ind1=" " ind2=" ">
      <subfield code="a">helyi szakíró</subfield>
    </datafield>
    <datafield tag="852" ind1=" " ind2=" ">
      <subfield code="a">B1</subfield>
      <subfield code="b">B1</subfield>
      <subfield code="x">1208876</subfield>
    </datafield>
    <datafield tag="852" ind1=" " ind2=" ">
      <subfield code="a">GY1</subfield>
      <subfield code="b">GY1</subfield>
      <subfield code="x">440380</subfield>
    </datafield>
    <datafield tag="852" ind1=" " ind2=" ">
      <subfield code="a">GY1</subfield>
      <subfield code="b">GY1</subfield>
      <subfield code="x">KKMK440380</subfield>
    </datafield>
  </record>