
  <record>
    <leader>00841nam  2200217   4500</leader>
    <controlfield tag="001">MOKKAN0004662099  </controlfield>
    <controlfield tag="005">20070531105223.0</controlfield>
    <controlfield tag="008">      s2000           f            hun d</controlfield>
    <datafield tag="020" ind1=" " ind2=" ">
      <subfield code="a">963-9299-00-6 (fűzött)</subfield>
    </datafield>
    <datafield tag="035" ind1=" " ind2=" ">
      <subfield code="a">bibFSZ01362672</subfield>
    </datafield>
    <datafield tag="040" ind1=" " ind2=" ">
      <subfield code="a">FSZEK</subfield>
    </datafield>
    <datafield tag="041" ind1=" " ind2=" ">
      <subfield code="a">hun</subfield>
    </datafield>
    <datafield tag="245" ind1="0" ind2="0">
      <subfield code="a">100 év az elektrotechnika szolgálatában :</subfield>
      <subfield code="b">a Magyar Elektrotechnikai Egyesület története /</subfield>
      <subfield code="c">[... szerk. Barki Kálmán] ; [szerzők: Barki Kálmán et al.] ; [közread. a Magyar Elektrotechnikai Egyesület]</subfield>
    </datafield>
    <datafield tag="260" ind1=" " ind2=" ">
      <subfield code="a">Budapest :</subfield>
      <subfield code="b">MEE,</subfield>
      <subfield code="c">[2000]</subfield>
    </datafield>
    <datafield tag="300" ind1=" " ind2=" ">
      <subfield code="a">164 p. :</subfield>
      <subfield code="b">ill. ;</subfield>
      <subfield code="c">23 cm</subfield>
    </datafield>
    <datafield tag="500" ind1=" " ind2=" ">
      <subfield code="a">Lezárva 1999. dec. 30.</subfield>
    </datafield>
    <datafield tag="504" ind1=" " ind2=" ">
      <subfield code="a">Bibliogr.: p. 163.</subfield>
    </datafield>
    <datafield tag="610" ind1="2" ind2=" ">
      <subfield code="a">Magyar Elektrotechnikai Egyesület</subfield>
    </datafield>
    <datafield tag="700" ind1="1" ind2=" ">
      <subfield code="a">Barki Kálmán</subfield>
      <subfield code="4">szerk., közrem.</subfield>
    </datafield>
    <datafield tag="710" ind1="2" ind2=" ">
      <subfield code="a">Magyar Elektrotechnikai Egyesület</subfield>
      <subfield code="4">közread.</subfield>
    </datafield>
    <datafield tag="852" ind1=" " ind2=" ">
      <subfield code="a">B10</subfield>
      <subfield code="b">B10</subfield>
      <subfield code="x">bibFSZ01362672</subfield>
    </datafield>
  </record>