
  <record>
    <leader>01179nam  2200349 i 4500</leader>
    <controlfield tag="001">MOKKAZ0006401320  </controlfield>
    <controlfield tag="005">20090618004738.0</controlfield>
    <controlfield tag="008">010122s2000    hu aro        000 0 hun d</controlfield>
    <datafield tag="020" ind1=" " ind2=" ">
      <subfield code="a">963-00-2762-3 (kötött)</subfield>
    </datafield>
    <datafield tag="035" ind1=" " ind2=" ">
      <subfield code="a">797955</subfield>
    </datafield>
    <datafield tag="040" ind1=" " ind2=" ">
      <subfield code="a">OSZK</subfield>
    </datafield>
    <datafield tag="041" ind1="0" ind2=" ">
      <subfield code="a">hunhun</subfield>
    </datafield>
    <datafield tag="100" ind1="2" ind2=" ">
      <subfield code="a">Erky-Nagy Tibor</subfield>
    </datafield>
    <datafield tag="245" ind1="1" ind2="0">
      <subfield code="a">100 év Dombóváron, 1900-2000 /</subfield>
      <subfield code="c">Erky-Nagy Tibor ; [kiad. a Dombóvári Városi Könyvtár].</subfield>
    </datafield>
    <datafield tag="260" ind1=" " ind2=" ">
      <subfield code="a">[Dombóvár] :</subfield>
      <subfield code="b">Dombóvári Vár. Kvt.,</subfield>
      <subfield code="c">2000</subfield>
      <subfield code="e">(Pécs</subfield>
      <subfield code="f">Reproflex)</subfield>
    </datafield>
    <datafield tag="300" ind1=" " ind2=" ">
      <subfield code="a">119 p. :</subfield>
      <subfield code="b">ill., részben színes ;</subfield>
      <subfield code="c">22x23 cm</subfield>
    </datafield>
    <datafield tag="541" ind1=" " ind2=" ">
      <subfield code="a">OSZK</subfield>
      <subfield code="c">köteles</subfield>
      <subfield code="d">20010305</subfield>
      <subfield code="e">500.984</subfield>
      <subfield code="h">1.450,-Ft</subfield>
      <subfield code="n">1</subfield>
    </datafield>
    <datafield tag="650" ind1=" " ind2="7">
      <subfield code="a">fényképalbumok</subfield>
      <subfield code="2">szte</subfield>
    </datafield>
    <datafield tag="650" ind1=" " ind2="7">
      <subfield code="a">Dombóvár</subfield>
      <subfield code="x">honismeret</subfield>
      <subfield code="2">szte</subfield>
    </datafield>
    <datafield tag="650" ind1=" " ind2="4">
      <subfield code="a">helytörténet</subfield>
    </datafield>
    <datafield tag="650" ind1=" " ind2="4">
      <subfield code="a">fotóalbum</subfield>
    </datafield>
    <datafield tag="650" ind1=" " ind2="4">
      <subfield code="a">20. század</subfield>
    </datafield>
    <datafield tag="651" ind1=" " ind2="4">
      <subfield code="a">Dombóvár</subfield>
    </datafield>
    <datafield tag="651" ind1=" " ind2="4">
      <subfield code="a">Dombóvár (Tolna megye)</subfield>
      <subfield code="x">illusztrált művek</subfield>
    </datafield>
    <datafield tag="651" ind1=" " ind2="0">
      <subfield code="a">Dombóvár (Hungary)</subfield>
      <subfield code="x">Pictorial works.</subfield>
    </datafield>
    <datafield tag="651" ind1=" " ind2="4">
      <subfield code="a">Tolna (megye)</subfield>
    </datafield>
    <datafield tag="651" ind1=" " ind2="4">
      <subfield code="a">Tolna</subfield>
      <subfield code="c">megye</subfield>
    </datafield>
    <datafield tag="710" ind1="2" ind2=" ">
      <subfield code="a">Dombóvári Városi Könyvtár</subfield>
      <subfield code="4">közread.</subfield>
    </datafield>
    <datafield tag="852" ind1=" " ind2=" ">
      <subfield code="a">B1</subfield>
      <subfield code="b">B1</subfield>
      <subfield code="x">797955</subfield>
    </datafield>
    <datafield tag="852" ind1=" " ind2=" ">
      <subfield code="a">D1</subfield>
      <subfield code="b">D1</subfield>
      <subfield code="x">bibKLT00293796</subfield>
    </datafield>
    <datafield tag="852" ind1=" " ind2=" ">
      <subfield code="a">SZ1</subfield>
      <subfield code="b">SZ1</subfield>
      <subfield code="x">MOKKAZ0005023777</subfield>
    </datafield>
    <datafield tag="852" ind1=" " ind2=" ">
      <subfield code="a">B8</subfield>
      <subfield code="b">B8</subfield>
      <subfield code="x">OGYK000043542</subfield>
    </datafield>
  </record>