
  <record>
    <leader>00749nam  2200193   4500</leader>
    <controlfield tag="001">MOKKAS0003715484  </controlfield>
    <controlfield tag="005">20060615005849.0</controlfield>
    <controlfield tag="008">001114s2000    hu ao         00010 hun d</controlfield>
    <datafield tag="020" ind1=" " ind2=" ">
      <subfield code="a">963 00 2762 3 (kötött)</subfield>
    </datafield>
    <datafield tag="035" ind1=" " ind2=" ">
      <subfield code="a">bibTMK00009346</subfield>
    </datafield>
    <datafield tag="040" ind1=" " ind2=" ">
      <subfield code="a">IGYUK</subfield>
    </datafield>
    <datafield tag="100" ind1="2" ind2=" ">
      <subfield code="a">Erky-Nagy Tibor</subfield>
    </datafield>
    <datafield tag="245" ind1="1" ind2="0">
      <subfield code="a">100 év Dombóváron /</subfield>
      <subfield code="c">[a képeket és a szövegeket vál., képmagyarázatokat írta, a kötetet szerk. és tervezte] Erky-Nagy Tibor</subfield>
    </datafield>
    <datafield tag="260" ind1=" " ind2=" ">
      <subfield code="a">[Dombóvár] :</subfield>
      <subfield code="b">[Városi Könyvtár],</subfield>
      <subfield code="c">[2000]</subfield>
    </datafield>
    <datafield tag="300" ind1=" " ind2=" ">
      <subfield code="a">119 p. :</subfield>
      <subfield code="b">ill., főként színes ;</subfield>
      <subfield code="c">21x22 cm</subfield>
    </datafield>
    <datafield tag="500" ind1=" " ind2=" ">
      <subfield code="a">Fotóalbum képmagyarázatokkal</subfield>
    </datafield>
    <datafield tag="651" ind1=" " ind2="4">
      <subfield code="a">Dombóvár (Tolna megye)</subfield>
      <subfield code="x">történet</subfield>
      <subfield code="y">20 század</subfield>
      <subfield code="x">fotóalbum</subfield>
    </datafield>
    <datafield tag="695" ind1=" " ind2=" ">
      <subfield code="a">képes album</subfield>
      <subfield code="z">Dombóvár</subfield>
    </datafield>
    <datafield tag="852" ind1=" " ind2=" ">
      <subfield code="a">SZK1</subfield>
      <subfield code="b">SZK1</subfield>
      <subfield code="x">bibTMK00009346</subfield>
    </datafield>
  </record>