
  <record>
    <leader>00616nam  2200193 i 4500</leader>
    <controlfield tag="001">MOKKAZ0006334940  </controlfield>
    <controlfield tag="005">20040915193026.0</controlfield>
    <controlfield tag="008">960118s1993    hu aoc        000 0dhun d</controlfield>
    <datafield tag="020" ind1=" " ind2=" ">
      <subfield code="a">963-04-3311-7 (fűzött)</subfield>
    </datafield>
    <datafield tag="035" ind1=" " ind2=" ">
      <subfield code="a">166429</subfield>
    </datafield>
    <datafield tag="040" ind1=" " ind2=" ">
      <subfield code="a">OSZK</subfield>
    </datafield>
    <datafield tag="041" ind1="0" ind2=" ">
      <subfield code="a">hunhun</subfield>
    </datafield>
    <datafield tag="072" ind1=" " ind2="1">
      <subfield code="a">H</subfield>
    </datafield>
    <datafield tag="110" ind1="2" ind2="0">
      <subfield code="a">Bezerédj Általános Iskola (Paks)</subfield>
    </datafield>
    <datafield tag="245" ind1="1" ind2="0">
      <subfield code="a">100 éve alapították a paksi polgárit</subfield>
    </datafield>
    <datafield tag="260" ind1=" " ind2=" ">
      <subfield code="a">Paks :</subfield>
      <subfield code="b">Bezerédj Ált. Isk.,</subfield>
      <subfield code="c">1993</subfield>
      <subfield code="e">([Paks]</subfield>
      <subfield code="f">[Bezerédj Ált. Isk.])</subfield>
    </datafield>
    <datafield tag="300" ind1=" " ind2=" ">
      <subfield code="a">63 p. :</subfield>
      <subfield code="b">ill. ;</subfield>
      <subfield code="c">30 cm</subfield>
    </datafield>
    <datafield tag="500" ind1=" " ind2=" ">
      <subfield code="a">Szemfüles : a paksi Bezerédj Általános Iskola lapja, 1993-as ksz.</subfield>
    </datafield>
    <datafield tag="852" ind1=" " ind2=" ">
      <subfield code="a">B1</subfield>
      <subfield code="b">B1</subfield>
      <subfield code="x">166429</subfield>
    </datafield>
  </record>