
  <record>
    <leader>00772nam  2200229 i 4500</leader>
    <controlfield tag="001">MOKKAZ0006321102  </controlfield>
    <controlfield tag="005">20040915191318.0</controlfield>
    <controlfield tag="008">941201s1993    hu ao         000 0 hun d</controlfield>
    <datafield tag="020" ind1=" " ind2=" ">
      <subfield code="a">963-03-3691-X* (fűzött) :</subfield>
      <subfield code="c">100,- Ft</subfield>
    </datafield>
    <datafield tag="035" ind1=" " ind2=" ">
      <subfield code="a">102677</subfield>
    </datafield>
    <datafield tag="040" ind1=" " ind2=" ">
      <subfield code="a">OSZK</subfield>
    </datafield>
    <datafield tag="041" ind1="0" ind2=" ">
      <subfield code="a">hunhun</subfield>
    </datafield>
    <datafield tag="072" ind1=" " ind2="1">
      <subfield code="a">T</subfield>
    </datafield>
    <datafield tag="100" ind1="1" ind2=" ">
      <subfield code="a">Csőglei István</subfield>
      <subfield code="d">(1930-)</subfield>
    </datafield>
    <datafield tag="245" ind1="1" ind2="0">
      <subfield code="a">100 éve alakult a Tolna megyei Tűzoltószövetség, 1893-1993 /</subfield>
      <subfield code="c">írta Csőglei István</subfield>
    </datafield>
    <datafield tag="260" ind1=" " ind2="1">
      <subfield code="a">[Szekszárd] :</subfield>
      <subfield code="b">[Tolna M. Tűzoltószöv.],</subfield>
      <subfield code="c">1993</subfield>
      <subfield code="e">([Paks]</subfield>
      <subfield code="f">PA Rt.)</subfield>
    </datafield>
    <datafield tag="300" ind1=" " ind2=" ">
      <subfield code="a">72 p. :</subfield>
      <subfield code="b">ill. ;</subfield>
      <subfield code="c">25 cm</subfield>
    </datafield>
    <datafield tag="610" ind1="2" ind2="4">
      <subfield code="a">Tolna Megyei Tűzoltószövetség</subfield>
    </datafield>
    <datafield tag="650" ind1=" " ind2="4">
      <subfield code="a">tűzrendészet-történet</subfield>
    </datafield>
    <datafield tag="710" ind1="2" ind2=" ">
      <subfield code="a">Tolna Megyei Tűzoltószövetség</subfield>
      <subfield code="4">közread.</subfield>
    </datafield>
    <datafield tag="852" ind1=" " ind2=" ">
      <subfield code="a">B1</subfield>
      <subfield code="b">B1</subfield>
      <subfield code="x">102677</subfield>
    </datafield>
    <datafield tag="852" ind1=" " ind2=" ">
      <subfield code="a">M2</subfield>
      <subfield code="b">M2</subfield>
      <subfield code="x">bibRFK00049359</subfield>
    </datafield>
  </record>