
  <record>
    <leader>01019nam  2200241   4500</leader>
    <controlfield tag="001">MOKKAS0003715457  </controlfield>
    <controlfield tag="005">20060615005837.0</controlfield>
    <controlfield tag="008">001113s1993    hu a     b    00010 hun d</controlfield>
    <datafield tag="020" ind1=" " ind2=" ">
      <subfield code="a">nincs (fűzött)</subfield>
    </datafield>
    <datafield tag="035" ind1=" " ind2=" ">
      <subfield code="a">bibTMK00009317</subfield>
    </datafield>
    <datafield tag="040" ind1=" " ind2=" ">
      <subfield code="a">IGYUK</subfield>
    </datafield>
    <datafield tag="100" ind1="1" ind2=" ">
      <subfield code="a">Csőglei István</subfield>
      <subfield code="d">(1930-)</subfield>
      <subfield code="c">(tűzoltó)</subfield>
    </datafield>
    <datafield tag="245" ind1="1" ind2="0">
      <subfield code="a">100 éve alakult a Tolna Megyei Tűzoltószövetség, 1893-1993. /</subfield>
      <subfield code="c">Csőglei István</subfield>
    </datafield>
    <datafield tag="260" ind1=" " ind2=" ">
      <subfield code="c">[1993]. -</subfield>
      <subfield code="e">(Paks :</subfield>
      <subfield code="f">Paksi Atomerőmű Rt. Nyomdaüzem)</subfield>
    </datafield>
    <datafield tag="300" ind1=" " ind2=" ">
      <subfield code="a">72 p. :</subfield>
      <subfield code="b">ill. ;</subfield>
      <subfield code="c">25 cm</subfield>
    </datafield>
    <datafield tag="500" ind1=" " ind2=" ">
      <subfield code="a">A 311219 lelt. sz. kiadvány dedikált példány</subfield>
    </datafield>
    <datafield tag="504" ind1=" " ind2=" ">
      <subfield code="a">Bibliogr. a jelzetekben : p. 53-55.</subfield>
    </datafield>
    <datafield tag="610" ind1="2" ind2=" ">
      <subfield code="a">Tolna Megyei Tűzoltószövetség</subfield>
    </datafield>
    <datafield tag="650" ind1=" " ind2="4">
      <subfield code="a">Tűzoltás</subfield>
      <subfield code="z">Magyarország</subfield>
      <subfield code="z">Tolna megye</subfield>
      <subfield code="x">történet</subfield>
    </datafield>
    <datafield tag="650" ind1=" " ind2="4">
      <subfield code="a">Tűzoltóság</subfield>
      <subfield code="z">Magyarország</subfield>
      <subfield code="z">Tolna megye</subfield>
      <subfield code="x">történet</subfield>
    </datafield>
    <datafield tag="651" ind1=" " ind2="4">
      <subfield code="a">Tolna megye</subfield>
      <subfield code="x">tűzoltás</subfield>
    </datafield>
    <datafield tag="695" ind1=" " ind2=" ">
      <subfield code="a">önkéntes és hivatásos tűzoltóságok ; tűzoltó szövetségek és egyesületek</subfield>
      <subfield code="z">Magyarország</subfield>
      <subfield code="z">Tolna megye</subfield>
      <subfield code="x">történet</subfield>
    </datafield>
    <datafield tag="852" ind1=" " ind2=" ">
      <subfield code="a">SZK1</subfield>
      <subfield code="b">SZK1</subfield>
      <subfield code="x">bibTMK00009317</subfield>
    </datafield>
  </record>