
  <record>
    <leader>00551nam  2200169   4500</leader>
    <controlfield tag="001">MOKKAZ0003264701  </controlfield>
    <controlfield tag="005">20040909173447.0</controlfield>
    <controlfield tag="008">      s1993    hu a          00010 hun d</controlfield>
    <datafield tag="035" ind1=" " ind2=" ">
      <subfield code="a">bibKLT00017242</subfield>
    </datafield>
    <datafield tag="040" ind1=" " ind2=" ">
      <subfield code="a">DEENK</subfield>
    </datafield>
    <datafield tag="100" ind1="1" ind2=" ">
      <subfield code="a">Csőglei István</subfield>
    </datafield>
    <datafield tag="245" ind1="1" ind2="0">
      <subfield code="a">100 éve alakult a Tolna megyei Tűzoltószövetség 1893-1993 /</subfield>
      <subfield code="c">írta Csőglei István</subfield>
    </datafield>
    <datafield tag="260" ind1="1" ind2=" ">
      <subfield code="a">[S.l.] :</subfield>
      <subfield code="b">[s.n],</subfield>
      <subfield code="c">1993</subfield>
    </datafield>
    <datafield tag="300" ind1=" " ind2=" ">
      <subfield code="a">72 p. :</subfield>
      <subfield code="b">ill. ;</subfield>
      <subfield code="c">25 cm</subfield>
    </datafield>
    <datafield tag="691" ind1="1" ind2=" ">
      <subfield code="a">Tolna Megyei Tűzoltószövetség</subfield>
    </datafield>
    <datafield tag="695" ind1=" " ind2=" ">
      <subfield code="a">tüzoltóság</subfield>
      <subfield code="z">Tolna megye</subfield>
      <subfield code="y">1893-1993</subfield>
    </datafield>
    <datafield tag="852" ind1=" " ind2=" ">
      <subfield code="a">D1</subfield>
      <subfield code="b">D1</subfield>
      <subfield code="x">bibKLT00017242</subfield>
    </datafield>
  </record>