
  <record>
    <leader>00849nam  2200217 i 4500</leader>
    <controlfield tag="001">MOKKAS0003764680  </controlfield>
    <controlfield tag="005">20060615064414.0</controlfield>
    <controlfield tag="008">000208s1993    hu a            010 hun d</controlfield>
    <datafield tag="020" ind1=" " ind2=" ">
      <subfield code="a">nincs (fűzött)</subfield>
    </datafield>
    <datafield tag="035" ind1=" " ind2=" ">
      <subfield code="a">bibTMK135120</subfield>
    </datafield>
    <datafield tag="040" ind1=" " ind2=" ">
      <subfield code="a">IGYUK</subfield>
    </datafield>
    <datafield tag="245" ind1="0" ind2="0">
      <subfield code="a">100 éve alapították a paksi polgárit /</subfield>
      <subfield code="c">[felelős szerk. Kern Józsefné]</subfield>
    </datafield>
    <datafield tag="260" ind1=" " ind2=" ">
      <subfield code="a">Paks :</subfield>
      <subfield code="b">[Bezerédj Általános Iskola],</subfield>
      <subfield code="c">1993</subfield>
    </datafield>
    <datafield tag="300" ind1=" " ind2=" ">
      <subfield code="a">63 p. :</subfield>
      <subfield code="b">ill. ;</subfield>
      <subfield code="c">29 cm</subfield>
    </datafield>
    <datafield tag="500" ind1=" " ind2=" ">
      <subfield code="a">A szemfüles (a Paksi Bezerédj Általános Iskola lapja) ünnepi különszáma</subfield>
    </datafield>
    <datafield tag="610" ind1="2" ind2=" ">
      <subfield code="a">Bezerédj Általános Iskola (Paks)</subfield>
    </datafield>
    <datafield tag="650" ind1=" " ind2="4">
      <subfield code="a">Általános iskolák</subfield>
      <subfield code="z">Magyarország</subfield>
      <subfield code="z">Paks</subfield>
      <subfield code="x">történet</subfield>
    </datafield>
    <datafield tag="651" ind1=" " ind2="4">
      <subfield code="a">Paks (Tolna megye)</subfield>
      <subfield code="x">iskolák</subfield>
    </datafield>
    <datafield tag="695" ind1=" " ind2=" ">
      <subfield code="a">általános iskola</subfield>
      <subfield code="x">oktatás, sport</subfield>
      <subfield code="x">történet</subfield>
      <subfield code="z">Paks (Tolna megye)</subfield>
      <subfield code="x">évkönyv</subfield>
    </datafield>
    <datafield tag="700" ind1="1" ind2=" ">
      <subfield code="a">Kern Józsefné</subfield>
    </datafield>
    <datafield tag="852" ind1=" " ind2=" ">
      <subfield code="a">SZK1</subfield>
      <subfield code="b">SZK1</subfield>
      <subfield code="x">bibTMK135120</subfield>
    </datafield>
  </record>