
  <record>
    <leader>01465nam  2200385   4500</leader>
    <controlfield tag="001">MOKKAZ0004750876  </controlfield>
    <controlfield tag="005">20040910100117.0</controlfield>
    <controlfield tag="008">      s2003                        hun d</controlfield>
    <datafield tag="020" ind1=" " ind2=" ">
      <subfield code="a">963-212-546-0 (fűzött)</subfield>
    </datafield>
    <datafield tag="035" ind1=" " ind2=" ">
      <subfield code="a">bibFSZ960680</subfield>
    </datafield>
    <datafield tag="040" ind1=" " ind2=" ">
      <subfield code="a">FSZEK</subfield>
    </datafield>
    <datafield tag="041" ind1=" " ind2=" ">
      <subfield code="a">hun</subfield>
    </datafield>
    <datafield tag="245" ind1="0" ind2="0">
      <subfield code="a">100 éve együtt :</subfield>
      <subfield code="b">a Nemzeti Sport első évszázadának históriáskönyve : [Nemzeti Sport, 1903-2003] /</subfield>
      <subfield code="c">[szerk. L. Pap István] ; [... szerzői: Budai Miklós et al.]</subfield>
    </datafield>
    <datafield tag="260" ind1=" " ind2=" ">
      <subfield code="a">Budapest :</subfield>
      <subfield code="b">Ringier,</subfield>
      <subfield code="c">2003</subfield>
    </datafield>
    <datafield tag="300" ind1=" " ind2=" ">
      <subfield code="a">215 p. :</subfield>
      <subfield code="b">ill. ;</subfield>
      <subfield code="c">32 cm</subfield>
    </datafield>
    <datafield tag="630" ind1="0" ind2=" ">
      <subfield code="a">Nemzeti Sport</subfield>
    </datafield>
    <datafield tag="650" ind1=" " ind2="4">
      <subfield code="a">sporttörténet</subfield>
    </datafield>
    <datafield tag="650" ind1=" " ind2="4">
      <subfield code="a">sajtótörténet</subfield>
    </datafield>
    <datafield tag="650" ind1=" " ind2="4">
      <subfield code="a">Nemzeti Sport - történet 1903-2003</subfield>
    </datafield>
    <datafield tag="650" ind1=" " ind2="4">
      <subfield code="a">folyóiratok - Nemzeti Sport</subfield>
    </datafield>
    <datafield tag="650" ind1=" " ind2="4">
      <subfield code="a">Népsport ld. Nemzeti Sport</subfield>
    </datafield>
    <datafield tag="650" ind1=" " ind2="7">
      <subfield code="a">Sport</subfield>
      <subfield code="x">Magyarország</subfield>
      <subfield code="y">20. sz.</subfield>
      <subfield code="2">szte</subfield>
    </datafield>
    <datafield tag="650" ind1=" " ind2="7">
      <subfield code="a">Újságírás</subfield>
      <subfield code="x">sport</subfield>
      <subfield code="x">Magyarország</subfield>
      <subfield code="y">20. sz.</subfield>
      <subfield code="2">szte</subfield>
    </datafield>
    <datafield tag="651" ind1=" " ind2="4">
      <subfield code="a">Magyarország</subfield>
    </datafield>
    <datafield tag="653" ind1=" " ind2=" ">
      <subfield code="a">20. sz.</subfield>
    </datafield>
    <datafield tag="653" ind1=" " ind2=" ">
      <subfield code="a">Nemzeti Sport [napilap]</subfield>
    </datafield>
    <datafield tag="680" ind1=" " ind2="0">
      <subfield code="a">sportágak</subfield>
      <subfield code="a">történeti tárgyalásmód</subfield>
      <subfield code="a">magyarok</subfield>
      <subfield code="a">magyarság</subfield>
      <subfield code="y">20. század</subfield>
    </datafield>
    <datafield tag="680" ind1=" " ind2="0">
      <subfield code="a">folyóirat, periodika</subfield>
      <subfield code="a">időszaki kiadvány</subfield>
      <subfield code="a">periodika</subfield>
      <subfield code="a">Magyarország</subfield>
      <subfield code="y">1903-2003</subfield>
      <subfield code="x">Nemzeti Sport</subfield>
    </datafield>
    <datafield tag="700" ind1="1" ind2=" ">
      <subfield code="a">Pap István, L.</subfield>
      <subfield code="4">szerk.</subfield>
    </datafield>
    <datafield tag="700" ind1="1" ind2=" ">
      <subfield code="a">Budai Miklós</subfield>
      <subfield code="4">közrem.</subfield>
    </datafield>
    <datafield tag="852" ind1=" " ind2=" ">
      <subfield code="a">B10</subfield>
      <subfield code="B">0902</subfield>
      <subfield code="B">0801</subfield>
      <subfield code="B">1004</subfield>
      <subfield code="b">1503</subfield>
      <subfield code="x">bibFSZ960680</subfield>
    </datafield>
    <datafield tag="852" ind1=" " ind2=" ">
      <subfield code="a">SZO1</subfield>
      <subfield code="b">SZO1</subfield>
      <subfield code="x">150397882</subfield>
    </datafield>
    <datafield tag="852" ind1=" " ind2=" ">
      <subfield code="a">GY1</subfield>
      <subfield code="b">GY1</subfield>
      <subfield code="x">670240</subfield>
    </datafield>
    <datafield tag="852" ind1=" " ind2=" ">
      <subfield code="a">BCS1</subfield>
      <subfield code="b">BCS1</subfield>
      <subfield code="x">bibBKO00262677</subfield>
    </datafield>
    <datafield tag="852" ind1=" " ind2=" ">
      <subfield code="a">SZ4</subfield>
      <subfield code="b">SZ4</subfield>
      <subfield code="x">bibFSZ960680</subfield>
    </datafield>
  </record>