
  <record>
    <leader>00750nam  2200205   4500</leader>
    <controlfield tag="001">MOKKAN0004302459  </controlfield>
    <controlfield tag="005">20090505174959.0</controlfield>
    <controlfield tag="008">050302s1998                        hun d</controlfield>
    <datafield tag="020" ind1=" " ind2=" ">
      <subfield code="a">(fűzött)</subfield>
    </datafield>
    <datafield tag="035" ind1=" " ind2=" ">
      <subfield code="a">bibFSZ1215542</subfield>
    </datafield>
    <datafield tag="040" ind1=" " ind2=" ">
      <subfield code="a">FSZEK</subfield>
    </datafield>
    <datafield tag="041" ind1=" " ind2=" ">
      <subfield code="a">hun</subfield>
    </datafield>
    <datafield tag="245" ind1="0" ind2="0">
      <subfield code="a">100 éve indult útjára a Budapest Budafoki Helyiérdekű Villamos Vasút /</subfield>
      <subfield code="c">[közread. a Budapesti Közlekedési Részvénytársaság]</subfield>
    </datafield>
    <datafield tag="260" ind1=" " ind2=" ">
      <subfield code="a">[Budapest] :</subfield>
      <subfield code="b">BKV Rt.,</subfield>
      <subfield code="c">[1998]</subfield>
    </datafield>
    <datafield tag="300" ind1=" " ind2=" ">
      <subfield code="a">[20] p. :</subfield>
      <subfield code="b">ill. ;</subfield>
      <subfield code="c">30 cm</subfield>
    </datafield>
    <datafield tag="610" ind1="2" ind2=" ">
      <subfield code="a">Budapesti Közlekedési Vállalat.</subfield>
      <subfield code="b">Metró és HÉV Igazgatóság</subfield>
    </datafield>
    <datafield tag="651" ind1=" " ind2=" ">
      <subfield code="a">Budapest.</subfield>
      <subfield code="b">22. kerület</subfield>
    </datafield>
    <datafield tag="651" ind1=" " ind2=" ">
      <subfield code="a">Budapest.</subfield>
      <subfield code="b">XXII. kerület</subfield>
    </datafield>
    <datafield tag="710" ind1="2" ind2=" ">
      <subfield code="a">Budapesti Közlekedési Vállalat</subfield>
      <subfield code="4">közread.</subfield>
    </datafield>
    <datafield tag="852" ind1=" " ind2=" ">
      <subfield code="a">B10</subfield>
      <subfield code="b">2203</subfield>
      <subfield code="b">B10</subfield>
      <subfield code="x">bibFSZ1215542</subfield>
    </datafield>
  </record>