
  <record>
    <leader>01282nam  2200349 i 4500</leader>
    <controlfield tag="001">MOKKAS0003385131  </controlfield>
    <controlfield tag="005">20060605132835.0</controlfield>
    <controlfield tag="008">050101s2005                            d</controlfield>
    <datafield tag="020" ind1=" " ind2=" ">
      <subfield code="a">963217870-X (kötött)</subfield>
    </datafield>
    <datafield tag="035" ind1=" " ind2=" ">
      <subfield code="a">684903</subfield>
    </datafield>
    <datafield tag="040" ind1=" " ind2=" ">
      <subfield code="a">KKMK</subfield>
    </datafield>
    <datafield tag="245" ind1="0" ind2="0">
      <subfield code="a">100 éve lendületben : </subfield>
      <subfield code="b">Graboplast /</subfield>
      <subfield code="c">[szerk.] Hajba Ferenc ; [szerk.] Maróti Zsuzsanna ; [szerk.] Mónus Ágnes ; [közrem. fotók] Katona Miklós ; [közrem., fotók] Matusz Károly</subfield>
    </datafield>
    <datafield tag="246" ind1="1" ind2="4">
      <subfield code="a">1905-2005 : Graboplast Rt.</subfield>
    </datafield>
    <datafield tag="260" ind1=" " ind2=" ">
      <subfield code="a">Győr :</subfield>
      <subfield code="b">Ad-Art Stúdió,</subfield>
      <subfield code="c">2005</subfield>
      <subfield code="e">(Győr</subfield>
      <subfield code="f">Palatia Ny.)</subfield>
    </datafield>
    <datafield tag="300" ind1=" " ind2=" ">
      <subfield code="a">65, [1] p. :</subfield>
      <subfield code="b">ill., főként színes ;</subfield>
      <subfield code="c">29 cm</subfield>
    </datafield>
    <datafield tag="500" ind1=" " ind2=" ">
      <subfield code="a">Borítócím: 1905-2005 : Graboplast Rt. - Bibliogr.: p. [66].</subfield>
    </datafield>
    <datafield tag="610" ind1="2" ind2="4">
      <subfield code="a">Graboplast Rt. (Győr)</subfield>
    </datafield>
    <datafield tag="610" ind1="2" ind2="4">
      <subfield code="a">Graboplast Rt (Győr)</subfield>
    </datafield>
    <datafield tag="650" ind1=" " ind2="4">
      <subfield code="a">helyi közreműködő</subfield>
    </datafield>
    <datafield tag="650" ind1=" " ind2="4">
      <subfield code="a">műbőrgyártó ipar</subfield>
    </datafield>
    <datafield tag="650" ind1=" " ind2="4">
      <subfield code="a">helyi személy</subfield>
    </datafield>
    <datafield tag="650" ind1=" " ind2="4">
      <subfield code="a">ipartörténet</subfield>
    </datafield>
    <datafield tag="650" ind1=" " ind2="4">
      <subfield code="a">könnyűipar</subfield>
    </datafield>
    <datafield tag="650" ind1=" " ind2="4">
      <subfield code="a">dedikáció</subfield>
    </datafield>
    <datafield tag="651" ind1=" " ind2="4">
      <subfield code="a">Győr</subfield>
    </datafield>
    <datafield tag="653" ind1=" " ind2=" ">
      <subfield code="a">1905-2005</subfield>
    </datafield>
    <datafield tag="700" ind1="1" ind2="0">
      <subfield code="a">Hajba Ferenc</subfield>
      <subfield code="4">([szerk.])</subfield>
    </datafield>
    <datafield tag="700" ind1="1" ind2="0">
      <subfield code="a">Maróti Zsuzsanna</subfield>
      <subfield code="4">([szerk.])</subfield>
    </datafield>
    <datafield tag="700" ind1="1" ind2="0">
      <subfield code="a">Mónus Ágnes</subfield>
      <subfield code="4">([szerk.])</subfield>
    </datafield>
    <datafield tag="700" ind1="1" ind2="0">
      <subfield code="a">Katona Miklós</subfield>
      <subfield code="4">([közrem. fotók])</subfield>
    </datafield>
    <datafield tag="700" ind1="1" ind2="0">
      <subfield code="a">Matusz Károly</subfield>
      <subfield code="c">(fotóművész)</subfield>
      <subfield code="4">([közrem., fotók])</subfield>
    </datafield>
    <datafield tag="852" ind1=" " ind2=" ">
      <subfield code="a">GY1</subfield>
      <subfield code="b">GY1</subfield>
      <subfield code="x">684903</subfield>
    </datafield>
  </record>