
  <record>
    <leader>00844nam  2200265 i 4500</leader>
    <controlfield tag="001">MOKKAW0006088684  </controlfield>
    <controlfield tag="005">20080914234821.0</controlfield>
    <controlfield tag="008">060227s1992    hu            00010 hun d</controlfield>
    <datafield tag="020" ind1=" " ind2=" ">
      <subfield code="a">(fűzött) :</subfield>
    </datafield>
    <datafield tag="035" ind1=" " ind2=" ">
      <subfield code="a">bibVFM00004074</subfield>
    </datafield>
    <datafield tag="040" ind1=" " ind2=" ">
      <subfield code="a">VFMK</subfield>
    </datafield>
    <datafield tag="100" ind1="1" ind2=" ">
      <subfield code="a">Szilágyi Miklós</subfield>
      <subfield code="c">dr.</subfield>
      <subfield code="d">(1939-)</subfield>
      <subfield code="c">(néprajzkutató)</subfield>
    </datafield>
    <datafield tag="245" ind1="1" ind2="0">
      <subfield code="a">100 év építkezési gyakorlatának változásai egy kisújszállási gazda emlékezetében /</subfield>
      <subfield code="c">Szilágyi Miklós</subfield>
    </datafield>
    <datafield tag="260" ind1=" " ind2=" ">
      <subfield code="a">Szentendre :</subfield>
      <subfield code="b">[Szentendrei Skanzen],</subfield>
      <subfield code="c">1992</subfield>
    </datafield>
    <datafield tag="300" ind1=" " ind2=" ">
      <subfield code="a">237-250.p. ;</subfield>
      <subfield code="c">29 cm</subfield>
    </datafield>
    <datafield tag="504" ind1=" " ind2=" ">
      <subfield code="a">Bibliogr.: p. 248.</subfield>
    </datafield>
    <datafield tag="546" ind1=" " ind2=" ">
      <subfield code="a">Német és angol nyelvű összefoglalóval</subfield>
    </datafield>
    <datafield tag="650" ind1=" " ind2="6">
      <subfield code="a">Népi építészet</subfield>
    </datafield>
    <datafield tag="650" ind1=" " ind2="6">
      <subfield code="a">Tanyák</subfield>
    </datafield>
    <datafield tag="650" ind1=" " ind2="6">
      <subfield code="a">Kutak</subfield>
    </datafield>
    <datafield tag="650" ind1=" " ind2="6">
      <subfield code="a">Kemence</subfield>
    </datafield>
    <datafield tag="650" ind1=" " ind2="6">
      <subfield code="a">Szélmalmok</subfield>
    </datafield>
    <datafield tag="650" ind1=" " ind2="6">
      <subfield code="a">Vályogvetés</subfield>
    </datafield>
    <datafield tag="651" ind1=" " ind2="4">
      <subfield code="a">Kisújszállás</subfield>
    </datafield>
    <datafield tag="852" ind1=" " ind2=" ">
      <subfield code="a">SZL1</subfield>
      <subfield code="b">SZL1</subfield>
      <subfield code="x">bibVFM00004074</subfield>
    </datafield>
  </record>