
  <record>
    <leader>00368cam  22001217  4500</leader>
    <controlfield tag="001">MOKKAZ0004614080  </controlfield>
    <controlfield tag="005">20040910084431.0</controlfield>
    <controlfield tag="008">000211s1964                  00    hun d</controlfield>
    <datafield tag="035" ind1=" " ind2=" ">
      <subfield code="a">bibFSZ56828</subfield>
    </datafield>
    <datafield tag="040" ind1=" " ind2=" ">
      <subfield code="a">FSZEK</subfield>
    </datafield>
    <datafield tag="245" ind1="0" ind2="0">
      <subfield code="a">100 éves a Budapesti Bútorgyár :</subfield>
      <subfield code="b">(1864-1964) :</subfield>
      <subfield code="c">szerk. biz. Fóris Zoltán [et al.]</subfield>
    </datafield>
    <datafield tag="260" ind1=" " ind2=" ">
      <subfield code="a">[Budapest] :</subfield>
      <subfield code="c">1964</subfield>
    </datafield>
    <datafield tag="852" ind1=" " ind2=" ">
      <subfield code="a">B10</subfield>
      <subfield code="b">0801B</subfield>
      <subfield code="x">bibFSZ56828</subfield>
    </datafield>
  </record>