
  <record>
    <leader>00376nam  2200133 i 4500</leader>
    <controlfield tag="001">MOKKAS0003260675  </controlfield>
    <controlfield tag="005">20060602071143.0</controlfield>
    <controlfield tag="008">050101s1968                            d</controlfield>
    <datafield tag="035" ind1=" " ind2=" ">
      <subfield code="a">229458</subfield>
    </datafield>
    <datafield tag="040" ind1=" " ind2=" ">
      <subfield code="a">KKMK</subfield>
    </datafield>
    <datafield tag="245" ind1="0" ind2="0">
      <subfield code="a">100 éves a kötelező népoktatás : </subfield>
      <subfield code="b">Tanulmányok</subfield>
    </datafield>
    <datafield tag="260" ind1=" " ind2=" ">
      <subfield code="a">Budapest :</subfield>
      <subfield code="b">Tankönyvkiadó,</subfield>
      <subfield code="c">1968</subfield>
    </datafield>
    <datafield tag="300" ind1=" " ind2=" ">
      <subfield code="a">243 p. :</subfield>
      <subfield code="b">ill. ;</subfield>
      <subfield code="c">24 cm</subfield>
    </datafield>
    <datafield tag="852" ind1=" " ind2=" ">
      <subfield code="a">GY1</subfield>
      <subfield code="b">GY1</subfield>
      <subfield code="x">229458</subfield>
    </datafield>
  </record>