
  <record>
    <leader>00553cam  2200133   4500</leader>
    <controlfield tag="001">MOKKAZ0004542219  </controlfield>
    <controlfield tag="005">20040910080617.0</controlfield>
    <controlfield tag="008">      s1969                        und d</controlfield>
    <datafield tag="035" ind1=" " ind2=" ">
      <subfield code="a">bibFSZ00388672</subfield>
    </datafield>
    <datafield tag="040" ind1=" " ind2=" ">
      <subfield code="a">FSZEK</subfield>
    </datafield>
    <datafield tag="245" ind1="0" ind2="0">
      <subfield code="a">100 éves a Földtani Intézet /</subfield>
      <subfield code="c">szerk. Fülöp József, Tasnádi Kubacska András</subfield>
    </datafield>
    <datafield tag="260" ind1=" " ind2=" ">
      <subfield code="a">[S.l.] :</subfield>
      <subfield code="b">[S.n.],</subfield>
      <subfield code="c">1969</subfield>
    </datafield>
    <datafield tag="680" ind1=" " ind2="1">
      <subfield code="a">általános és történelmi geológia</subfield>
      <subfield code="a">geológia, általános és történelmi</subfield>
      <subfield code="a">tudományos intézet</subfield>
      <subfield code="a">kutatóintézet</subfield>
      <subfield code="a">tudományos munkaközösség</subfield>
      <subfield code="a">Magyarország</subfield>
    </datafield>
    <datafield tag="852" ind1=" " ind2=" ">
      <subfield code="a">B10</subfield>
      <subfield code="b">B10</subfield>
      <subfield code="x">bibFSZ00388672</subfield>
    </datafield>
  </record>