
  <record>
    <leader>00311cam  22001217  4500</leader>
    <controlfield tag="001">MOKKAZ0004615202  </controlfield>
    <controlfield tag="005">20040910084506.0</controlfield>
    <controlfield tag="008">010116s1972                        hun d</controlfield>
    <datafield tag="035" ind1=" " ind2=" ">
      <subfield code="a">bibFSZ61064</subfield>
    </datafield>
    <datafield tag="040" ind1=" " ind2=" ">
      <subfield code="a">FSZEK</subfield>
    </datafield>
    <datafield tag="245" ind1="0" ind2="0">
      <subfield code="a">100 éves a Budai Hegypálya /</subfield>
      <subfield code="c">Petrik Ottó</subfield>
    </datafield>
    <datafield tag="260" ind1=" " ind2=" ">
      <subfield code="c">1972</subfield>
    </datafield>
    <datafield tag="852" ind1=" " ind2=" ">
      <subfield code="a">B10</subfield>
      <subfield code="b">0801B</subfield>
      <subfield code="x">bibFSZ61064</subfield>
    </datafield>
  </record>