
  <record>
    <leader>00342cam  22001217  4500</leader>
    <controlfield tag="001">MOKKAZ0004615525  </controlfield>
    <controlfield tag="005">20040910084516.0</controlfield>
    <controlfield tag="008">010116s1974                        hun d</controlfield>
    <datafield tag="035" ind1=" " ind2=" ">
      <subfield code="a">bibFSZ62143</subfield>
    </datafield>
    <datafield tag="040" ind1=" " ind2=" ">
      <subfield code="a">FSZEK</subfield>
    </datafield>
    <datafield tag="245" ind1="0" ind2="0">
      <subfield code="a">100 éves a Fogaskerekű Vasút /</subfield>
      <subfield code="c">[közread. a] Budapesti Közlekedési V.</subfield>
    </datafield>
    <datafield tag="260" ind1=" " ind2=" ">
      <subfield code="c">1974</subfield>
    </datafield>
    <datafield tag="852" ind1=" " ind2=" ">
      <subfield code="a">B10</subfield>
      <subfield code="b">0801B</subfield>
      <subfield code="x">bibFSZ62143</subfield>
    </datafield>
  </record>