
  <record>
    <leader>00669aam  2200205 i 4500</leader>
    <controlfield tag="001">MOKKAZ0006296254  </controlfield>
    <controlfield tag="005">20040915185700.0</controlfield>
    <controlfield tag="008">940511s1987    hu a          000 0 hun d</controlfield>
    <datafield tag="020" ind1=" " ind2=" ">
      <subfield code="a">963-7250-00-X (fűzött)</subfield>
    </datafield>
    <datafield tag="035" ind1=" " ind2=" ">
      <subfield code="a">735107</subfield>
    </datafield>
    <datafield tag="040" ind1=" " ind2=" ">
      <subfield code="a">OSZK</subfield>
    </datafield>
    <datafield tag="041" ind1="0" ind2=" ">
      <subfield code="a">hunhun</subfield>
    </datafield>
    <datafield tag="072" ind1=" " ind2="1">
      <subfield code="a">X</subfield>
    </datafield>
    <datafield tag="245" ind1="1" ind2="0">
      <subfield code="a">100 éves a Pécsi Postaigazgatóság, 1887-1987</subfield>
    </datafield>
    <datafield tag="260" ind1=" " ind2=" ">
      <subfield code="a">[Pécs] :</subfield>
      <subfield code="b">[Baranya M. Lapk. Váll.],</subfield>
      <subfield code="c">1987</subfield>
      <subfield code="e">([Pécs]</subfield>
      <subfield code="f">Pécsi Szikra)</subfield>
    </datafield>
    <datafield tag="300" ind1=" " ind2=" ">
      <subfield code="a">24 p. :</subfield>
      <subfield code="b">ill. ;</subfield>
      <subfield code="c">29 cm</subfield>
    </datafield>
    <datafield tag="500" ind1=" " ind2=" ">
      <subfield code="a">Postás híradó : a Pécsi Postaigazgatóság híradója ; 12. évf. 3. sz. (1987. aug.)</subfield>
    </datafield>
    <datafield tag="500" ind1=" " ind2=" ">
      <subfield code="a">2000</subfield>
    </datafield>
    <datafield tag="610" ind1="2" ind2="4">
      <subfield code="a">Magyar Posta</subfield>
      <subfield code="a">Pécsi Postaigazgatóság</subfield>
    </datafield>
    <datafield tag="852" ind1=" " ind2=" ">
      <subfield code="a">B1</subfield>
      <subfield code="b">B1</subfield>
      <subfield code="x">735107</subfield>
    </datafield>
  </record>