
  <record>
    <leader>00372cam  22001217  4500</leader>
    <controlfield tag="001">MOKKAZ0004607630  </controlfield>
    <controlfield tag="005">20040910084108.0</controlfield>
    <controlfield tag="008">000211s1987                  00    hun d</controlfield>
    <datafield tag="035" ind1=" " ind2=" ">
      <subfield code="a">bibFSZ27226</subfield>
    </datafield>
    <datafield tag="040" ind1=" " ind2=" ">
      <subfield code="a">FSZEK</subfield>
    </datafield>
    <datafield tag="245" ind1="0" ind2="0">
      <subfield code="a">100 éves a magyar mentés /</subfield>
      <subfield code="c">szerk. Pap Zoltán</subfield>
    </datafield>
    <datafield tag="260" ind1=" " ind2=" ">
      <subfield code="a">Budapest :</subfield>
      <subfield code="b">Magyar Mentésügyi Tudományos Társaság,</subfield>
      <subfield code="c">1987</subfield>
    </datafield>
    <datafield tag="852" ind1=" " ind2=" ">
      <subfield code="a">B10</subfield>
      <subfield code="b">0801B</subfield>
      <subfield code="x">bibFSZ27226</subfield>
    </datafield>
  </record>