
  <record>
    <leader>00413cam  22001217  4500</leader>
    <controlfield tag="001">MOKKAZ0004610828  </controlfield>
    <controlfield tag="005">20040910084250.0</controlfield>
    <controlfield tag="008">000211s1988                  00    hun d</controlfield>
    <datafield tag="035" ind1=" " ind2=" ">
      <subfield code="a">bibFSZ40773</subfield>
    </datafield>
    <datafield tag="040" ind1=" " ind2=" ">
      <subfield code="a">FSZEK</subfield>
    </datafield>
    <datafield tag="245" ind1="0" ind2="0">
      <subfield code="a">100 éves a magyarországi villamosenergia szolgáltatás 1888-1988 /</subfield>
      <subfield code="c">szerk. Berényi Endre - Petri Pál - Péti Szilveszter</subfield>
    </datafield>
    <datafield tag="260" ind1=" " ind2=" ">
      <subfield code="a">Budapest :</subfield>
      <subfield code="b">[S.n.],</subfield>
      <subfield code="c">1988</subfield>
    </datafield>
    <datafield tag="852" ind1=" " ind2=" ">
      <subfield code="a">B10</subfield>
      <subfield code="b">0801B</subfield>
      <subfield code="x">bibFSZ40773</subfield>
    </datafield>
  </record>