
  <record>
    <leader>00573nam  2200169 i 4500</leader>
    <controlfield tag="001">MOKKAS0003336505  </controlfield>
    <controlfield tag="005">20060604105342.0</controlfield>
    <controlfield tag="008">050101s1990                            d</controlfield>
    <datafield tag="035" ind1=" " ind2=" ">
      <subfield code="a">514560</subfield>
    </datafield>
    <datafield tag="040" ind1=" " ind2=" ">
      <subfield code="a">KKMK</subfield>
    </datafield>
    <datafield tag="245" ind1="0" ind2="0">
      <subfield code="a">100 éves a Fertőszentmiklósi Önkéntes Tűzoltóegyesület : </subfield>
      <subfield code="b">1889-1989</subfield>
    </datafield>
    <datafield tag="260" ind1=" " ind2=" ">
      <subfield code="a">Sopron :</subfield>
      <subfield code="b">Városi Tűzoltóparancsnokság,</subfield>
      <subfield code="c">[1990]</subfield>
    </datafield>
    <datafield tag="300" ind1=" " ind2=" ">
      <subfield code="a">14 p. :</subfield>
      <subfield code="b">ill. ;</subfield>
      <subfield code="c">21 cm</subfield>
    </datafield>
    <datafield tag="500" ind1=" " ind2=" ">
      <subfield code="a">Címlap a borító</subfield>
    </datafield>
    <datafield tag="610" ind1="2" ind2="4">
      <subfield code="a">Fertőszentmiklósi Önkéntes Tűzoltóegyesület (Fertőszentmiklós)</subfield>
    </datafield>
    <datafield tag="651" ind1=" " ind2="4">
      <subfield code="a">Fertőszentmiklós</subfield>
    </datafield>
    <datafield tag="852" ind1=" " ind2=" ">
      <subfield code="a">GY1</subfield>
      <subfield code="b">GY1</subfield>
      <subfield code="x">514560</subfield>
    </datafield>
  </record>