
  <record>
    <leader>01031cam  22002051  4500</leader>
    <controlfield tag="001">MOKKAZ0004286053  </controlfield>
    <controlfield tag="005">20040910055547.0</controlfield>
    <controlfield tag="008">      s1991                        hun d</controlfield>
    <datafield tag="020" ind1=" " ind2=" ">
      <subfield code="a">963-04-2779-6 :</subfield>
    </datafield>
    <datafield tag="035" ind1=" " ind2=" ">
      <subfield code="a">bibFSZ00131659</subfield>
    </datafield>
    <datafield tag="040" ind1=" " ind2=" ">
      <subfield code="a">FSZEK</subfield>
    </datafield>
    <datafield tag="245" ind1="0" ind2="0">
      <subfield code="a">100 éves a Balaton-kutatás : </subfield>
      <subfield code="b">33. Hidrológusnapok, Tihany, 191</subfield>
    </datafield>
    <datafield tag="260" ind1=" " ind2=" ">
      <subfield code="a">[S.l.] :</subfield>
      <subfield code="b">[S.n.],</subfield>
      <subfield code="c">1991</subfield>
    </datafield>
    <datafield tag="300" ind1=" " ind2=" ">
      <subfield code="a">276 p. ;</subfield>
      <subfield code="c">25 cm</subfield>
    </datafield>
    <datafield tag="500" ind1=" " ind2=" ">
      <subfield code="a">Bibliogr. tanulmányonként</subfield>
    </datafield>
    <datafield tag="680" ind1=" " ind2="1">
      <subfield code="a">tavak hidrológiája</subfield>
      <subfield code="a">állóvizek hidrológiája</subfield>
      <subfield code="a">hidrológia, tavak, állóvizek</subfield>
      <subfield code="x">(285 )</subfield>
      <subfield code="x">Balaton</subfield>
    </datafield>
    <datafield tag="680" ind1=" " ind2="1">
      <subfield code="a">ökológia</subfield>
      <subfield code="a">élet általános feltételei</subfield>
      <subfield code="a">élőlények és környezet viszonya</subfield>
      <subfield code="a">környezet és élőlények viszonya</subfield>
      <subfield code="x">(439.071 )</subfield>
      <subfield code="x">Tihany</subfield>
      <subfield code="y">1991</subfield>
      <subfield code="a">előadások</subfield>
      <subfield code="a">beszédek</subfield>
      <subfield code="a">felolvasások</subfield>
    </datafield>
    <datafield tag="680" ind1=" " ind2="1">
      <subfield code="a">ökológia</subfield>
      <subfield code="a">élet általános feltételei</subfield>
      <subfield code="a">élőlények és környezet viszonya</subfield>
      <subfield code="a">környezet és élőlények viszonya</subfield>
      <subfield code="x">(285 )</subfield>
      <subfield code="x">Balaton</subfield>
      <subfield code="a">történet</subfield>
      <subfield code="a">történelmi megközelítés</subfield>
    </datafield>
    <datafield tag="711" ind1="2" ind2=" ">
      <subfield code="a">Hidrológusnapok</subfield>
      <subfield code="d">(1991)</subfield>
      <subfield code="n">33)</subfield>
      <subfield code="c">Tihany</subfield>
      <subfield code="4">mt.</subfield>
    </datafield>
    <datafield tag="852" ind1=" " ind2=" ">
      <subfield code="a">B10</subfield>
      <subfield code="b">0801</subfield>
      <subfield code="x">bibFSZ00131659</subfield>
    </datafield>
  </record>