
  <record>
    <leader>00679nam  2200217 i 4500</leader>
    <controlfield tag="001">MOKKAN0004693319  </controlfield>
    <controlfield tag="005">20070703004100.0</controlfield>
    <controlfield tag="008">940728s1992                 u    j hun d</controlfield>
    <datafield tag="020" ind1=" " ind2=" ">
      <subfield code="a">963 04 00278</subfield>
    </datafield>
    <datafield tag="035" ind1=" " ind2=" ">
      <subfield code="a">KÉE40338</subfield>
    </datafield>
    <datafield tag="040" ind1=" " ind2=" ">
      <subfield code="a">BCEEFK</subfield>
    </datafield>
    <datafield tag="041" ind1="0" ind2=" ">
      <subfield code="a">hun</subfield>
    </datafield>
    <datafield tag="111" ind1="2" ind2="0">
      <subfield code="a">Hidrobiológus Napok</subfield>
      <subfield code="n">33.</subfield>
      <subfield code="d">1991</subfield>
      <subfield code="c">Tihany</subfield>
    </datafield>
    <datafield tag="245" ind1="1" ind2="0">
      <subfield code="a">100 éves a Balaton-kutatás : </subfield>
      <subfield code="b">XXXIII. Hidrobiológus Napok. Tihany, 1991. /</subfield>
      <subfield code="c">[szerk. Bíró Péter]</subfield>
    </datafield>
    <datafield tag="260" ind1=" " ind2=" ">
      <subfield code="a">Tihany :</subfield>
      <subfield code="b">MHT Limnológiai Szakosztály [etc.],</subfield>
      <subfield code="c">1992</subfield>
    </datafield>
    <datafield tag="300" ind1=" " ind2=" ">
      <subfield code="a">276 p.</subfield>
    </datafield>
    <datafield tag="504" ind1=" " ind2=" ">
      <subfield code="a">Bibliogr. a tanulmányok végén</subfield>
    </datafield>
    <datafield tag="650" ind1=" " ind2="4">
      <subfield code="a">Balaton</subfield>
    </datafield>
    <datafield tag="650" ind1=" " ind2="4">
      <subfield code="a">Balatonkutatás</subfield>
    </datafield>
    <datafield tag="650" ind1=" " ind2="4">
      <subfield code="a">Hidrobiológia</subfield>
    </datafield>
    <datafield tag="852" ind1=" " ind2=" ">
      <subfield code="a">B503</subfield>
      <subfield code="b">B503</subfield>
      <subfield code="x">KÉE40338</subfield>
    </datafield>
  </record>