
  <record>
    <leader>00584nam  2200193 i 4500</leader>
    <controlfield tag="001">MOKKAZ0006334941  </controlfield>
    <controlfield tag="005">20040915193026.0</controlfield>
    <controlfield tag="008">960118s1992    hu            000 0 hun d</controlfield>
    <datafield tag="020" ind1=" " ind2=" ">
      <subfield code="a">963-7450-83-1 (fűzött)</subfield>
    </datafield>
    <datafield tag="035" ind1=" " ind2=" ">
      <subfield code="a">166431</subfield>
    </datafield>
    <datafield tag="040" ind1=" " ind2=" ">
      <subfield code="a">OSZK</subfield>
    </datafield>
    <datafield tag="041" ind1="0" ind2=" ">
      <subfield code="a">hunhun</subfield>
    </datafield>
    <datafield tag="072" ind1=" " ind2="1">
      <subfield code="a">H</subfield>
    </datafield>
    <datafield tag="245" ind1="0" ind2="0">
      <subfield code="a">100 éves a Magyar pedagógia, 1892-1992</subfield>
    </datafield>
    <datafield tag="260" ind1=" " ind2=" ">
      <subfield code="a">[Budapest] :</subfield>
      <subfield code="b">MTA Ped. Biz.,</subfield>
      <subfield code="c">[1992]</subfield>
      <subfield code="e">([Szeged]</subfield>
      <subfield code="f">JATE)</subfield>
      <subfield code="e">([Budapest]</subfield>
      <subfield code="f">Alfaprint)</subfield>
    </datafield>
    <datafield tag="300" ind1=" " ind2=" ">
      <subfield code="a">103 p. ;</subfield>
      <subfield code="c">24 cm</subfield>
    </datafield>
    <datafield tag="500" ind1=" " ind2=" ">
      <subfield code="a">Tanulmányok</subfield>
    </datafield>
    <datafield tag="500" ind1=" " ind2=" ">
      <subfield code="a">A Magyar pedagógia, ISSN 0025-0260, 1992. évi 1. száma</subfield>
    </datafield>
    <datafield tag="852" ind1=" " ind2=" ">
      <subfield code="a">B1</subfield>
      <subfield code="b">B1</subfield>
      <subfield code="x">166431</subfield>
    </datafield>
  </record>