
  <record>
    <leader>00655fam  2200193 i 4500</leader>
    <controlfield tag="001">MOKKAZ0006341133  </controlfield>
    <controlfield tag="005">20090505174959.0</controlfield>
    <controlfield tag="008">961004s1996    hu oc         000 0 hun d</controlfield>
    <datafield tag="020" ind1=" " ind2=" ">
      <subfield code="a">963-04-6392-X (fűzött)</subfield>
    </datafield>
    <datafield tag="035" ind1=" " ind2=" ">
      <subfield code="a">197087</subfield>
    </datafield>
    <datafield tag="040" ind1=" " ind2=" ">
      <subfield code="a">OSZK</subfield>
    </datafield>
    <datafield tag="041" ind1="0" ind2=" ">
      <subfield code="a">hunenghun</subfield>
    </datafield>
    <datafield tag="245" ind1="0" ind2="0">
      <subfield code="a">100 éves a szabadalmi rendszer Magyarországon</subfield>
    </datafield>
    <datafield tag="260" ind1=" " ind2=" ">
      <subfield code="a">[Budapest] :</subfield>
      <subfield code="b">MIE,</subfield>
      <subfield code="c">1996</subfield>
      <subfield code="e">([Dabas]</subfield>
      <subfield code="f">Reálszisztéma Dabasi Ny.)</subfield>
    </datafield>
    <datafield tag="300" ind1=" " ind2=" ">
      <subfield code="a">178 p. :</subfield>
      <subfield code="b">ill. ;</subfield>
      <subfield code="c">22 cm</subfield>
    </datafield>
    <datafield tag="500" ind1=" " ind2=" ">
      <subfield code="a">A Magyar Iparjogvédelmi Egyesület közleményei, ISSN 0324-4350, 1996 évi kszáma</subfield>
    </datafield>
    <datafield tag="504" ind1=" " ind2=" ">
      <subfield code="a">Bibliogr. a jegyzetekben</subfield>
    </datafield>
    <datafield tag="852" ind1=" " ind2=" ">
      <subfield code="a">B1</subfield>
      <subfield code="b">B1</subfield>
      <subfield code="x">197087</subfield>
    </datafield>
    <datafield tag="852" ind1=" " ind2=" ">
      <subfield code="a">D1</subfield>
      <subfield code="b">D1/F</subfield>
      <subfield code="b">D1/TR</subfield>
      <subfield code="x">bibKLT00338478</subfield>
    </datafield>
  </record>