
  <record>
    <leader>00542nam  2200157 i 4500</leader>
    <controlfield tag="001">MOKKAS0002345313  </controlfield>
    <controlfield tag="005">20060618052532.0</controlfield>
    <controlfield tag="008">      s2003    hu            00010 hun d</controlfield>
    <datafield tag="035" ind1=" " ind2=" ">
      <subfield code="a">bibSOK291963</subfield>
    </datafield>
    <datafield tag="040" ind1=" " ind2=" ">
      <subfield code="a">SK</subfield>
    </datafield>
    <datafield tag="245" ind1="0" ind2="0">
      <subfield code="a">100 éves a nagykállói középiskolai kollégium :</subfield>
      <subfield code="b">centenáriumi emlékkönyv</subfield>
    </datafield>
    <datafield tag="260" ind1="0" ind2=" ">
      <subfield code="a">[Nagykálló] :</subfield>
      <subfield code="b">[Budai Kollégium],</subfield>
      <subfield code="c">2003</subfield>
    </datafield>
    <datafield tag="300" ind1=" " ind2=" ">
      <subfield code="a">112 p. :</subfield>
      <subfield code="b">ill. ;</subfield>
      <subfield code="c">21 cm</subfield>
    </datafield>
    <datafield tag="610" ind1="2" ind2="7">
      <subfield code="a">Budai Kollégium (Nagykálló)</subfield>
    </datafield>
    <datafield tag="650" ind1=" " ind2="7">
      <subfield code="a">Nagykálló</subfield>
      <subfield code="x">kollégium</subfield>
      <subfield code="x">középiskolai</subfield>
      <subfield code="y">1903-2003</subfield>
      <subfield code="2">szte</subfield>
    </datafield>
    <datafield tag="852" ind1=" " ind2=" ">
      <subfield code="a">SZ4</subfield>
      <subfield code="b">SZ4</subfield>
      <subfield code="x">bibSOK291963</subfield>
    </datafield>
  </record>