
  <record>
    <leader>00695nam  2200169 i 4500</leader>
    <controlfield tag="001">MOKKAS0002224192  </controlfield>
    <controlfield tag="005">20060617194927.0</controlfield>
    <controlfield tag="008">850128c19841984hu a          00000 hun 1</controlfield>
    <datafield tag="020" ind1=" " ind2=" ">
      <subfield code="a">963-01-5953-8 (fűzött)</subfield>
    </datafield>
    <datafield tag="035" ind1=" " ind2=" ">
      <subfield code="a">bibSOK00101356</subfield>
    </datafield>
    <datafield tag="040" ind1=" " ind2=" ">
      <subfield code="a">SK</subfield>
    </datafield>
    <datafield tag="245" ind1="0" ind2="0">
      <subfield code="a">100 éves a szakmunkásképzés Orosházán :</subfield>
      <subfield code="b">1884-1984 /</subfield>
      <subfield code="c">[összeáll. és írta ... Antali Gábor et al.] ; [kiad. a 612. Ipari Szakmunkásképző Intézet...]</subfield>
    </datafield>
    <datafield tag="260" ind1=" " ind2=" ">
      <subfield code="a">Orosháza :</subfield>
      <subfield code="b">612. Ipari Szakmunkásképző Intézet,</subfield>
      <subfield code="c">1984</subfield>
    </datafield>
    <datafield tag="300" ind1=" " ind2=" ">
      <subfield code="a">61 p. :</subfield>
      <subfield code="b">ill. ;</subfield>
      <subfield code="c">20 cm</subfield>
    </datafield>
    <datafield tag="650" ind1=" " ind2="7">
      <subfield code="a">Szakmunkásképzés</subfield>
      <subfield code="x">Orosháza</subfield>
      <subfield code="y">1884-1984</subfield>
      <subfield code="2">szte</subfield>
    </datafield>
    <datafield tag="710" ind1="2" ind2=" ">
      <subfield code="a">612. Ipari Szakmunkásképző Intézet (Orosháza)</subfield>
    </datafield>
    <datafield tag="852" ind1=" " ind2=" ">
      <subfield code="a">SZ4</subfield>
      <subfield code="b">SZ4</subfield>
      <subfield code="x">bibSOK00101356</subfield>
    </datafield>
  </record>