
  <record>
    <leader>01019nam  22002415p 4500</leader>
    <controlfield tag="001">MOKKAW0006011198  </controlfield>
    <controlfield tag="005">20080725192841.0</controlfield>
    <controlfield tag="008">080226s2007                        hun d</controlfield>
    <datafield tag="020" ind1=" " ind2=" ">
      <subfield code="a">978 963 06 3371 0</subfield>
    </datafield>
    <datafield tag="035" ind1=" " ind2=" ">
      <subfield code="a">737102</subfield>
    </datafield>
    <datafield tag="040" ind1=" " ind2=" ">
      <subfield code="a">KSHK</subfield>
    </datafield>
    <datafield tag="041" ind1="0" ind2=" ">
      <subfield code="a">hun</subfield>
    </datafield>
    <datafield tag="245" ind1="0" ind2="0">
      <subfield code="a">100 éves a régi Ady iskola /</subfield>
      <subfield code="c">... az Ady Endre Általános Iskola, Gimnázium és Alapfokú Művészetoktatási Intézmény kiadásában jelent meg</subfield>
    </datafield>
    <datafield tag="260" ind1=" " ind2=" ">
      <subfield code="a">Zalaegerszeg :</subfield>
      <subfield code="b">Ady Ált. Isk., Gimn. és Alapfokú Művészetokt. Intézmény,</subfield>
      <subfield code="c">2007</subfield>
    </datafield>
    <datafield tag="300" ind1=" " ind2=" ">
      <subfield code="a">[6] p., 43 t. :</subfield>
      <subfield code="b">ill. ;</subfield>
      <subfield code="c">16x21 cm</subfield>
    </datafield>
    <datafield tag="610" ind1="2" ind2="4">
      <subfield code="a">Ady Endre Általános Iskola, Gimnázium és Alapfokú Művészetoktatási Intézmény (Zalaegerszeg)</subfield>
    </datafield>
    <datafield tag="653" ind1=" " ind2=" ">
      <subfield code="a">alapfokú oktatási intézmény</subfield>
    </datafield>
    <datafield tag="653" ind1=" " ind2=" ">
      <subfield code="a">fotóalbum</subfield>
    </datafield>
    <datafield tag="653" ind1=" " ind2=" ">
      <subfield code="a">iskolatörténet</subfield>
    </datafield>
    <datafield tag="653" ind1=" " ind2=" ">
      <subfield code="a">középfokú oktatási intézmény</subfield>
    </datafield>
    <datafield tag="653" ind1=" " ind2=" ">
      <subfield code="a">művészet</subfield>
    </datafield>
    <datafield tag="710" ind1="2" ind2="0">
      <subfield code="a">Ady Endre Általános Iskola, Gimnázium és Alapfokú Művészetoktatási Intézmény (Zalaegerszeg)</subfield>
      <subfield code="4">közread.</subfield>
    </datafield>
    <datafield tag="852" ind1=" " ind2=" ">
      <subfield code="a">B9</subfield>
      <subfield code="b">B9</subfield>
      <subfield code="x">737102</subfield>
    </datafield>
  </record>