
  <record>
    <leader>01320nam  2200373 i 4500</leader>
    <controlfield tag="001">MOKKAW0005262880  </controlfield>
    <controlfield tag="005">20080408231644.0</controlfield>
    <controlfield tag="008">031127s1995                 u    j hun d</controlfield>
    <datafield tag="035" ind1=" " ind2=" ">
      <subfield code="a">NLVK91754</subfield>
    </datafield>
    <datafield tag="040" ind1=" " ind2=" ">
      <subfield code="a">NLVK</subfield>
    </datafield>
    <datafield tag="041" ind1="0" ind2=" ">
      <subfield code="a">hun</subfield>
    </datafield>
    <datafield tag="100" ind1="1" ind2=" ">
      <subfield code="a">Agócs János</subfield>
    </datafield>
    <datafield tag="245" ind1="1" ind2="0">
      <subfield code="a">100 éves a dél-alföldi áramszolgáltatás /</subfield>
      <subfield code="c">[szerk. Petri Pál]  ; [kiad. Délmagyarországi Áramszolgáltató Rt.] ; [szerzők Agócs János et al.]</subfield>
    </datafield>
    <datafield tag="260" ind1=" " ind2=" ">
      <subfield code="a">Szeged :</subfield>
      <subfield code="b">Démász,</subfield>
      <subfield code="c">1995</subfield>
    </datafield>
    <datafield tag="300" ind1=" " ind2=" ">
      <subfield code="a">472 p. :</subfield>
      <subfield code="b">ill. ;</subfield>
      <subfield code="c">30 cm</subfield>
    </datafield>
    <datafield tag="650" ind1=" " ind2="4">
      <subfield code="a">Alföld</subfield>
      <subfield code="x">Gazdaság</subfield>
    </datafield>
    <datafield tag="650" ind1=" " ind2="4">
      <subfield code="a">Áramszolgáltatás</subfield>
      <subfield code="x">Dél-Alföld</subfield>
    </datafield>
    <datafield tag="650" ind1=" " ind2="4">
      <subfield code="a">Áramszolgáltatás</subfield>
      <subfield code="x">Hódmezővásárhely</subfield>
    </datafield>
    <datafield tag="650" ind1=" " ind2="4">
      <subfield code="a">Energia, villamos</subfield>
    </datafield>
    <datafield tag="650" ind1=" " ind2="4">
      <subfield code="a">Energia, villamos</subfield>
      <subfield code="x">Szolgáltatás</subfield>
    </datafield>
    <datafield tag="650" ind1=" " ind2="4">
      <subfield code="a">Gazdaság</subfield>
      <subfield code="x">Alföld</subfield>
    </datafield>
    <datafield tag="650" ind1=" " ind2="4">
      <subfield code="a">Gazdaság</subfield>
      <subfield code="x">Hódmezővásárhely</subfield>
    </datafield>
    <datafield tag="650" ind1=" " ind2="4">
      <subfield code="a">Hódmezővásárhely</subfield>
      <subfield code="x">Urbanisztika</subfield>
    </datafield>
    <datafield tag="650" ind1=" " ind2="4">
      <subfield code="a">Ipar</subfield>
      <subfield code="x">Alföld</subfield>
    </datafield>
    <datafield tag="650" ind1=" " ind2="4">
      <subfield code="a">Ipar</subfield>
      <subfield code="x">Dél-Alföld</subfield>
    </datafield>
    <datafield tag="650" ind1=" " ind2="4">
      <subfield code="a">Urbanisztika</subfield>
    </datafield>
    <datafield tag="650" ind1=" " ind2="4">
      <subfield code="a">Urbanisztika</subfield>
      <subfield code="x">Hódmezővásárhely</subfield>
    </datafield>
    <datafield tag="650" ind1=" " ind2="4">
      <subfield code="a">Városiasodás</subfield>
      <subfield code="x">Hódmezővásárhely</subfield>
    </datafield>
    <datafield tag="650" ind1=" " ind2="4">
      <subfield code="a">Villamosenergia</subfield>
      <subfield code="x">Alföld</subfield>
    </datafield>
    <datafield tag="650" ind1=" " ind2="4">
      <subfield code="a">Villamosítás</subfield>
      <subfield code="x">Alföld</subfield>
    </datafield>
    <datafield tag="650" ind1=" " ind2="4">
      <subfield code="a">Villamosítás</subfield>
      <subfield code="x">Hódmezővásárhely</subfield>
    </datafield>
    <datafield tag="700" ind1="1" ind2=" ">
      <subfield code="a">Petri Pál</subfield>
      <subfield code="4">(szerk.)</subfield>
    </datafield>
    <datafield tag="710" ind1="2" ind2=" ">
      <subfield code="a">Délmagyarországi Áramszolgáltató Rt (Szeged)</subfield>
    </datafield>
    <datafield tag="852" ind1=" " ind2=" ">
      <subfield code="a">H1</subfield>
      <subfield code="b">H1</subfield>
      <subfield code="x">NLVK91754</subfield>
    </datafield>
  </record>