
  <record>
    <leader>00999fam  2200253 i 4500</leader>
    <controlfield tag="001">MOKKAZ0006310512  </controlfield>
    <controlfield tag="005">20040915190756.0</controlfield>
    <controlfield tag="008">931104s1992    hu areh       000 0 hun d</controlfield>
    <datafield tag="020" ind1=" " ind2=" ">
      <subfield code="a">963-02-9380-3 (fűzött)</subfield>
    </datafield>
    <datafield tag="035" ind1=" " ind2=" ">
      <subfield code="a">53199</subfield>
    </datafield>
    <datafield tag="040" ind1=" " ind2=" ">
      <subfield code="a">OSZK</subfield>
    </datafield>
    <datafield tag="041" ind1="0" ind2=" ">
      <subfield code="a">hunslohunslo</subfield>
      <subfield code="b">hunslogereng</subfield>
    </datafield>
    <datafield tag="245" ind1="0" ind2="0">
      <subfield code="a">100 éves a komáromi Erzsébet-híd /</subfield>
      <subfield code="c">[... szerzői Agócs Zoltán et al.] ; [... kiad. Tatabányai Közúti Igazgatóság]</subfield>
    </datafield>
    <datafield tag="246" ind1="1" ind2="1">
      <subfield code="a">Dunajský most v Komárne 100 rocný</subfield>
    </datafield>
    <datafield tag="246" ind1="1" ind2="4">
      <subfield code="a">Erzsébet-híd Komárom = Dunajský most Komárno, 1892-1992</subfield>
    </datafield>
    <datafield tag="260" ind1=" " ind2="1">
      <subfield code="a">[Tatabánya] :</subfield>
      <subfield code="b">Tatabányai Közúti Ig.,</subfield>
      <subfield code="c">[1992]</subfield>
      <subfield code="e">([Komárom]</subfield>
      <subfield code="f">Komáromi Ny.)</subfield>
    </datafield>
    <datafield tag="300" ind1=" " ind2=" ">
      <subfield code="a">76 p. :</subfield>
      <subfield code="b">ill., részben színes ;</subfield>
      <subfield code="c">21 cm</subfield>
    </datafield>
    <datafield tag="500" ind1=" " ind2=" ">
      <subfield code="a">Összefoglalás magyar, szlovák, német és angol nyelven</subfield>
    </datafield>
    <datafield tag="651" ind1=" " ind2="4">
      <subfield code="a">Komárom</subfield>
    </datafield>
    <datafield tag="700" ind1="1" ind2=" ">
      <subfield code="a">Agócs Zoltán</subfield>
      <subfield code="4">(közrem.)</subfield>
    </datafield>
    <datafield tag="710" ind1="1" ind2=" ">
      <subfield code="a">Tatabányai Közúti Igazgatóság</subfield>
      <subfield code="4">közread.</subfield>
    </datafield>
    <datafield tag="852" ind1=" " ind2=" ">
      <subfield code="a">B1</subfield>
      <subfield code="b">B1</subfield>
      <subfield code="x">53199</subfield>
    </datafield>
    <datafield tag="852" ind1=" " ind2=" ">
      <subfield code="a">D1</subfield>
      <subfield code="b">D1</subfield>
      <subfield code="x">53199</subfield>
    </datafield>
    <datafield tag="852" ind1=" " ind2=" ">
      <subfield code="a">B11</subfield>
      <subfield code="b">B11</subfield>
      <subfield code="x">BMEOMIKK000073226</subfield>
    </datafield>
  </record>