
  <record>
    <leader>00840aam  2200217 i 4500</leader>
    <controlfield tag="001">MOKKAZ0006236860  </controlfield>
    <controlfield tag="005">20090621123419.0</controlfield>
    <controlfield tag="008">940509t19841983hu            000 0 hun d</controlfield>
    <datafield tag="020" ind1=" " ind2=" ">
      <subfield code="a">963-02-3216-2 (fűzött)</subfield>
    </datafield>
    <datafield tag="035" ind1=" " ind2=" ">
      <subfield code="a">536893</subfield>
    </datafield>
    <datafield tag="040" ind1=" " ind2=" ">
      <subfield code="a">OSZK</subfield>
    </datafield>
    <datafield tag="041" ind1="0" ind2=" ">
      <subfield code="a">hunhun</subfield>
    </datafield>
    <datafield tag="100" ind1="1" ind2=" ">
      <subfield code="a">Ajtai István</subfield>
    </datafield>
    <datafield tag="245" ind1="1" ind2="0">
      <subfield code="a">100 éves a MÁV Bevételellenőrzési, Visszatérítési és Kártérítési Hivatal, 1884-1984 /</subfield>
      <subfield code="c">[írta, szerk. és összeáll. Ajtai István]</subfield>
    </datafield>
    <datafield tag="260" ind1=" " ind2=" ">
      <subfield code="a">[Budapest] :</subfield>
      <subfield code="b">MÁV,</subfield>
      <subfield code="c">1984</subfield>
      <subfield code="e">([Budapest]</subfield>
      <subfield code="f">MÁV Jegyny.)</subfield>
    </datafield>
    <datafield tag="300" ind1=" " ind2=" ">
      <subfield code="a">57 p. ;</subfield>
      <subfield code="c">21 cm</subfield>
    </datafield>
    <datafield tag="610" ind1="2" ind2="4">
      <subfield code="a">Magyar Államvasutak</subfield>
      <subfield code="a">Bevételellenőrzési, Visszatérítési és Kártérítési Hivatal (Budapest)</subfield>
    </datafield>
    <datafield tag="653" ind1=" " ind2=" ">
      <subfield code="a">MÁV története</subfield>
    </datafield>
    <datafield tag="710" ind1="2" ind2=" ">
      <subfield code="a">Magyar Államvasutak</subfield>
      <subfield code="a">Vezérigazgatóság (Budapest)</subfield>
      <subfield code="4">közread.</subfield>
    </datafield>
    <datafield tag="852" ind1=" " ind2=" ">
      <subfield code="a">B1</subfield>
      <subfield code="b">B1</subfield>
      <subfield code="x">536893</subfield>
    </datafield>
    <datafield tag="852" ind1=" " ind2=" ">
      <subfield code="a">B8</subfield>
      <subfield code="b">B8</subfield>
      <subfield code="x">OGYK000210381</subfield>
    </datafield>
  </record>