
  <record>
    <leader>01341aam  2200325 i 4500</leader>
    <controlfield tag="001">MOKKAZ0006232690  </controlfield>
    <controlfield tag="005">20090621131507.0</controlfield>
    <controlfield tag="008">940509t19841984hu a          000 0 hun d</controlfield>
    <datafield tag="020" ind1=" " ind2=" ">
      <subfield code="a">963-01-5953-8 (fűzött)</subfield>
    </datafield>
    <datafield tag="035" ind1=" " ind2=" ">
      <subfield code="a">520585</subfield>
    </datafield>
    <datafield tag="040" ind1=" " ind2=" ">
      <subfield code="a">OSZK</subfield>
    </datafield>
    <datafield tag="041" ind1="0" ind2=" ">
      <subfield code="a">hunhun</subfield>
    </datafield>
    <datafield tag="245" ind1="1" ind2="0">
      <subfield code="a">100 éves a szakmunkásképzés Orosházán : </subfield>
      <subfield code="b">1884-1984 /</subfield>
      <subfield code="c">[összeáll. és írta ... Antali Gábor et al.] ; [kiad. a 612. Ipari Szakmunkásképző Intézet Orosháza]</subfield>
    </datafield>
    <datafield tag="260" ind1=" " ind2=" ">
      <subfield code="a">Orosháza :</subfield>
      <subfield code="b">612. Ip. Szakmunkásképző Int.,</subfield>
      <subfield code="c">1984</subfield>
      <subfield code="e">([Szeged]</subfield>
      <subfield code="f">Nagyalföldi Kőolaj- és Földgáztermelő Váll. Ny.)</subfield>
    </datafield>
    <datafield tag="300" ind1=" " ind2=" ">
      <subfield code="a">61 p. :</subfield>
      <subfield code="b">ill. ;</subfield>
      <subfield code="c">20 cm</subfield>
    </datafield>
    <datafield tag="500" ind1=" " ind2=" ">
      <subfield code="a">500</subfield>
    </datafield>
    <datafield tag="650" ind1=" " ind2="6">
      <subfield code="a">612. sz. Ipari Szakmunkásképző Intézet (Orosháza)</subfield>
    </datafield>
    <datafield tag="650" ind1=" " ind2="6">
      <subfield code="a">szakképzés - Orosháza</subfield>
    </datafield>
    <datafield tag="650" ind1=" " ind2="6">
      <subfield code="a">iskolák - 612. sz. Ipari Szakmunkásképző Intézet (Orosháza)</subfield>
    </datafield>
    <datafield tag="651" ind1=" " ind2="4">
      <subfield code="a">Orosháza</subfield>
    </datafield>
    <datafield tag="653" ind1=" " ind2=" ">
      <subfield code="a">szakmunkásképzés története Orosházán</subfield>
    </datafield>
    <datafield tag="700" ind1="1" ind2=" ">
      <subfield code="a">Antali Gábor</subfield>
      <subfield code="4">(összeáll.)</subfield>
    </datafield>
    <datafield tag="700" ind1="1" ind2="3">
      <subfield code="a">Pusztai Ádám</subfield>
      <subfield code="4">(összeáll.)</subfield>
    </datafield>
    <datafield tag="700" ind1="1" ind2="3">
      <subfield code="a">Vetésiné Petrányi Erzsébet</subfield>
      <subfield code="4">(összeáll.)</subfield>
    </datafield>
    <datafield tag="700" ind1="1" ind2="3">
      <subfield code="a">Baranyai István</subfield>
      <subfield code="4">(összeáll.)</subfield>
    </datafield>
    <datafield tag="700" ind1="1" ind2="3">
      <subfield code="a">Gulyás Gyula</subfield>
      <subfield code="4">(összeáll.)</subfield>
    </datafield>
    <datafield tag="710" ind1="2" ind2=" ">
      <subfield code="a">Ipari Szakmunkásképző Intézet (Orosháza)</subfield>
      <subfield code="4">közread.</subfield>
    </datafield>
    <datafield tag="852" ind1=" " ind2=" ">
      <subfield code="a">B1</subfield>
      <subfield code="b">B1</subfield>
      <subfield code="x">520585</subfield>
    </datafield>
    <datafield tag="852" ind1=" " ind2=" ">
      <subfield code="a">BCS1</subfield>
      <subfield code="b">BCS1</subfield>
      <subfield code="x">bibBKO00242915</subfield>
    </datafield>
    <datafield tag="852" ind1=" " ind2=" ">
      <subfield code="a">B8</subfield>
      <subfield code="b">B8</subfield>
      <subfield code="x">OGYK000211409</subfield>
    </datafield>
  </record>