
  <record>
    <leader>01226nam  22002771i 4500</leader>
    <controlfield tag="001">MOKKAS0003650263  </controlfield>
    <controlfield tag="005">20060614032208.0</controlfield>
    <controlfield tag="008">      s1991    hu            10010 hun d</controlfield>
    <datafield tag="035" ind1=" " ind2=" ">
      <subfield code="a">bibSEF00001915</subfield>
    </datafield>
    <datafield tag="040" ind1=" " ind2=" ">
      <subfield code="a">NYME</subfield>
    </datafield>
    <datafield tag="245" ind1="0" ind2="0">
      <subfield code="a">100 éves a Magyar Biológiai Társaság Botanikai Szakosztálya /</subfield>
      <subfield code="c">[szerk. Babos Károly et al.]</subfield>
    </datafield>
    <datafield tag="260" ind1=" " ind2=" ">
      <subfield code="a">Budapest :</subfield>
      <subfield code="b">Magyar Biológiai Társaság :</subfield>
      <subfield code="b">Magyar Természettudományi Mózeum ;</subfield>
      <subfield code="a">Szombathely :</subfield>
      <subfield code="b">Berzsenyi Dániel Tanárképző Főiskola,</subfield>
      <subfield code="c">1991.</subfield>
    </datafield>
    <datafield tag="300" ind1=" " ind2=" ">
      <subfield code="a">72 p. ;</subfield>
      <subfield code="c">24 cm</subfield>
    </datafield>
    <datafield tag="490" ind1="1" ind2=" ">
      <subfield code="a">(Bio tár / Berzsenyi Dániel Tanárképző Főiskola,</subfield>
      <subfield code="x">0239-2724[!][0239-1724] ;</subfield>
      <subfield code="v">7. [Haynaldia])</subfield>
    </datafield>
    <datafield tag="500" ind1=" " ind2=" ">
      <subfield code="a">Konferencia: Szombathely[?], 1991. augusztus 21-23.</subfield>
    </datafield>
    <datafield tag="700" ind1="1" ind2=" ">
      <subfield code="a">Babos Károly</subfield>
    </datafield>
    <datafield tag="700" ind1="2" ind2=" ">
      <subfield code="a">Kis Keve Tihamér</subfield>
    </datafield>
    <datafield tag="700" ind1="1" ind2=" ">
      <subfield code="a">Kovács J. Attila</subfield>
    </datafield>
    <datafield tag="700" ind1="1" ind2=" ">
      <subfield code="a">Pintér István</subfield>
    </datafield>
    <datafield tag="700" ind1="1" ind2=" ">
      <subfield code="a">Takács Béla</subfield>
    </datafield>
    <datafield tag="700" ind1="1" ind2=" ">
      <subfield code="a">Szabó T. Attila</subfield>
    </datafield>
    <datafield tag="810" ind1="2" ind2=" ">
      <subfield code="a">Magyar Biológiai Társaság</subfield>
      <subfield code="b">Botanikai Szakosztály</subfield>
    </datafield>
    <datafield tag="810" ind1="2" ind2=" ">
      <subfield code="a">Magyar Természettudományi Mázeum (Budapest)</subfield>
      <subfield code="b">Növénytár (Budapest)</subfield>
    </datafield>
    <datafield tag="810" ind1="2" ind2=" ">
      <subfield code="a">Berzsenyi Dániel Tanárképző Főiskola (Szombathely)</subfield>
    </datafield>
    <datafield tag="830" ind1=" " ind2="0">
      <subfield code="a">Bio tár (Berzsenyi Dániel Tanárképző Főiskola, Szombathely)</subfield>
    </datafield>
    <datafield tag="852" ind1=" " ind2=" ">
      <subfield code="a">S1</subfield>
      <subfield code="b">S1</subfield>
      <subfield code="x">bibSEF00001915</subfield>
    </datafield>
  </record>