
  <record>
    <leader>00811nam  2200217 i 4500</leader>
    <controlfield tag="001">MOKKAN0004564387  </controlfield>
    <controlfield tag="005">20070502233511.0</controlfield>
    <controlfield tag="008">020207s1991                            d</controlfield>
    <datafield tag="035" ind1=" " ind2=" ">
      <subfield code="a">150203710</subfield>
    </datafield>
    <datafield tag="040" ind1=" " ind2=" ">
      <subfield code="a">BDK</subfield>
    </datafield>
    <datafield tag="100" ind1="1" ind2=" ">
      <subfield code="a">Babos Károly</subfield>
    </datafield>
    <datafield tag="245" ind1="0" ind2="0">
      <subfield code="a">100 éves a Magyar Biológiai Társaság Botanikai Szakosztálya = [Hundredth anniversary of the Hungarian Botanical Society] : </subfield>
      <subfield code="b">[1891-1991] /</subfield>
      <subfield code="c">szerk.: Babos Károly, Kiss Keve Tihamér</subfield>
    </datafield>
    <datafield tag="260" ind1=" " ind2=" ">
      <subfield code="a">Budapest ; Szombathely :</subfield>
      <subfield code="b">MBT BSZ MTM;BDTF,</subfield>
      <subfield code="c">1991</subfield>
    </datafield>
    <datafield tag="300" ind1=" " ind2=" ">
      <subfield code="c">72 p.</subfield>
    </datafield>
    <datafield tag="490" ind1="1" ind2=" ">
      <subfield code="a">Bio tár; 7.</subfield>
      <subfield code="x">0239-2724</subfield>
    </datafield>
    <datafield tag="500" ind1=" " ind2=" ">
      <subfield code="a">Helyi szerzök elöadásainak illetve helyi témájú elöadások kivonataival is.</subfield>
    </datafield>
    <datafield tag="653" ind1=" " ind2=" ">
      <subfield code="a">Vas megye</subfield>
    </datafield>
    <datafield tag="653" ind1=" " ind2=" ">
      <subfield code="a">növénytan</subfield>
    </datafield>
    <datafield tag="700" ind1="2" ind2=" ">
      <subfield code="a">Kiss Keve Tihamér</subfield>
      <subfield code="4">(szerk.)</subfield>
    </datafield>
    <datafield tag="830" ind1=" " ind2="0">
      <subfield code="a">Bio tár; 7.</subfield>
    </datafield>
    <datafield tag="852" ind1=" " ind2=" ">
      <subfield code="a">SZO1</subfield>
      <subfield code="b">SZO1</subfield>
      <subfield code="x">150203710</subfield>
    </datafield>
  </record>