
  <record>
    <leader>01168nam  2200301 i 4500</leader>
    <controlfield tag="001">MOKKAZ0003397040  </controlfield>
    <controlfield tag="005">20100412110421.0</controlfield>
    <controlfield tag="008">970129q19911995hu            10110 hun d</controlfield>
    <datafield tag="035" ind1=" " ind2=" ">
      <subfield code="a">bibKLT00128172</subfield>
    </datafield>
    <datafield tag="040" ind1=" " ind2=" ">
      <subfield code="a">DEENK</subfield>
    </datafield>
    <datafield tag="041" ind1="1" ind2=" ">
      <subfield code="a">hun</subfield>
      <subfield code="f">eng</subfield>
    </datafield>
    <datafield tag="080" ind1=" " ind2=" ">
      <subfield code="a">061.75:58(439)(063)</subfield>
    </datafield>
    <datafield tag="245" ind1="0" ind2="0">
      <subfield code="a">100 éves a Magyar Biológiai Társaság Botanikai Szakosztálya =</subfield>
      <subfield code="b">Hundredth anniversary of the Hungarian Botanical Society, 1891-1991 /</subfield>
      <subfield code="c">[szerkbiz. Babos Károly et al.]</subfield>
    </datafield>
    <datafield tag="260" ind1=" " ind2=" ">
      <subfield code="a">Szombathely :</subfield>
      <subfield code="b">Berzsenyi Dániel Tanárképző Főiskola,</subfield>
      <subfield code="c">[199?]</subfield>
    </datafield>
    <datafield tag="300" ind1=" " ind2=" ">
      <subfield code="a">72 p. ;</subfield>
      <subfield code="c">25 cm</subfield>
    </datafield>
    <datafield tag="490" ind1="1" ind2=" ">
      <subfield code="a">(BIO tár,</subfield>
      <subfield code="x">0239-2724 ;</subfield>
      <subfield code="v">7.)</subfield>
    </datafield>
    <datafield tag="500" ind1=" " ind2=" ">
      <subfield code="a">Mutató: p. 69-71.</subfield>
    </datafield>
    <datafield tag="546" ind1=" " ind2=" ">
      <subfield code="a">Csak magyarul</subfield>
    </datafield>
    <datafield tag="546" ind1=" " ind2=" ">
      <subfield code="a">Tartalomjegyzék angol és magyar nyelven</subfield>
    </datafield>
    <datafield tag="610" ind1="2" ind2=" ">
      <subfield code="a">Magyar Biológiai Társaság.</subfield>
      <subfield code="b">Botanikai Szakosztály</subfield>
    </datafield>
    <datafield tag="650" ind1=" " ind2="7">
      <subfield code="a">Növénytan</subfield>
      <subfield code="2">lcsh//hun</subfield>
    </datafield>
    <datafield tag="650" ind1=" " ind2="0">
      <subfield code="a">Botany</subfield>
      <subfield code="x">Addresses, essays, lectures.</subfield>
    </datafield>
    <datafield tag="650" ind1=" " ind2="4">
      <subfield code="a">Növénytan</subfield>
    </datafield>
    <datafield tag="700" ind1="1" ind2=" ">
      <subfield code="a">Babos Károly</subfield>
    </datafield>
    <datafield tag="710" ind1="2" ind2=" ">
      <subfield code="a">Berzsenyi Dániel Tanárképző Főiskola (Szombathely)</subfield>
    </datafield>
    <datafield tag="740" ind1="0" ind2="1">
      <subfield code="a">Száz éves a Magyar Biológiai Társaság Botanikai Szakosztálya</subfield>
    </datafield>
    <datafield tag="830" ind1=" " ind2="0">
      <subfield code="a">Bio tár</subfield>
    </datafield>
    <datafield tag="852" ind1=" " ind2=" ">
      <subfield code="a">D1</subfield>
      <subfield code="b">D2/RK</subfield>
      <subfield code="b">D1</subfield>
      <subfield code="x">bibKLT00128172</subfield>
    </datafield>
  </record>