
  <record>
    <leader>00791nam  2200193 i 4500</leader>
    <controlfield tag="001">MOKKAS0003353971  </controlfield>
    <controlfield tag="005">20060604201306.0</controlfield>
    <controlfield tag="008">050101s1997                            d</controlfield>
    <datafield tag="020" ind1=" " ind2=" ">
      <subfield code="a">963-04-7676-2</subfield>
    </datafield>
    <datafield tag="035" ind1=" " ind2=" ">
      <subfield code="a">575547</subfield>
    </datafield>
    <datafield tag="040" ind1=" " ind2=" ">
      <subfield code="a">KKMK</subfield>
    </datafield>
    <datafield tag="110" ind1="2" ind2="0">
      <subfield code="a">Baross Gábor Közgazdasági Szakközépiskola (Győr)</subfield>
    </datafield>
    <datafield tag="245" ind1="1" ind2="0">
      <subfield code="a">100 éves a Baross Gábor Közgazdasági Szakközépiskola, 1897-1997 : </subfield>
      <subfield code="b">[jubileumi évkönyv] /</subfield>
      <subfield code="c">Baross Gábor Közgazdasági Szakközépiskola ; szerk. Takács Zoltán ; közrem. Nagyné Gyurós Katalin</subfield>
    </datafield>
    <datafield tag="260" ind1=" " ind2=" ">
      <subfield code="a">Győr :</subfield>
      <subfield code="b">SZÖVIN Kft.,</subfield>
      <subfield code="c">[1997]</subfield>
    </datafield>
    <datafield tag="300" ind1=" " ind2=" ">
      <subfield code="a">204 p. :</subfield>
      <subfield code="b">ill. ;</subfield>
      <subfield code="c">24 cm</subfield>
    </datafield>
    <datafield tag="610" ind1="2" ind2="4">
      <subfield code="a">Baross Gábor Közgazdasági Szakközépiskola (Győr)</subfield>
    </datafield>
    <datafield tag="700" ind1="1" ind2="0">
      <subfield code="a">Takács Zoltán</subfield>
      <subfield code="4">(szerk.)</subfield>
    </datafield>
    <datafield tag="700" ind1="2" ind2="0">
      <subfield code="a">Nagyné Gyurós Katalin</subfield>
      <subfield code="4">(közrem.)</subfield>
    </datafield>
    <datafield tag="852" ind1=" " ind2=" ">
      <subfield code="a">GY1</subfield>
      <subfield code="b">GY1</subfield>
      <subfield code="x">575547</subfield>
    </datafield>
  </record>