
  <record>
    <leader>01355nam  2200313 i 4500</leader>
    <controlfield tag="001">MOKKAN0004567371  </controlfield>
    <controlfield tag="005">20100126174421.0</controlfield>
    <controlfield tag="008">020207s1973                            d</controlfield>
    <datafield tag="035" ind1=" " ind2=" ">
      <subfield code="a">150292086</subfield>
    </datafield>
    <datafield tag="040" ind1=" " ind2=" ">
      <subfield code="a">BDK</subfield>
    </datafield>
    <datafield tag="100" ind1="1" ind2=" ">
      <subfield code="a">Bencze Károly</subfield>
      <subfield code="c">(betöltött szerző)</subfield>
    </datafield>
    <datafield tag="245" ind1="0" ind2="0">
      <subfield code="a">100 éves a szombathelyi gázgyártás /</subfield>
      <subfield code="c">közrem.: Bencze Károly, EMRESZ Tibor, Hetényi Lajos, Koltay László, Steiner Rezső ; összeáll.: Bencze Károly, EMRESZ Tibor, Hetényi Lajos, Koltay László, Pálfalvi József, Steiner Rezső</subfield>
    </datafield>
    <datafield tag="260" ind1=" " ind2=" ">
      <subfield code="a">Szombathely,</subfield>
      <subfield code="c">1973</subfield>
    </datafield>
    <datafield tag="300" ind1=" " ind2=" ">
      <subfield code="c">79 p.,2 t.</subfield>
    </datafield>
    <datafield tag="653" ind1=" " ind2=" ">
      <subfield code="a">Szombathely</subfield>
    </datafield>
    <datafield tag="653" ind1=" " ind2=" ">
      <subfield code="a">centenárium</subfield>
    </datafield>
    <datafield tag="653" ind1=" " ind2=" ">
      <subfield code="a">gázellátás, gázszolgáltatás</subfield>
    </datafield>
    <datafield tag="653" ind1=" " ind2=" ">
      <subfield code="a">ÉGÁZ Rt.</subfield>
    </datafield>
    <datafield tag="653" ind1=" " ind2=" ">
      <subfield code="a">évforduló</subfield>
    </datafield>
    <datafield tag="700" ind1="1" ind2=" ">
      <subfield code="a">EMRESZ Tibor</subfield>
      <subfield code="c">(betöltött szerző)</subfield>
      <subfield code="4">(összeáll.)</subfield>
    </datafield>
    <datafield tag="700" ind1="1" ind2=" ">
      <subfield code="a">EMRESZ Tibor</subfield>
      <subfield code="c">(betöltött szerző)</subfield>
      <subfield code="4">(közrem.)</subfield>
    </datafield>
    <datafield tag="700" ind1="1" ind2=" ">
      <subfield code="a">Hetényi Lajos</subfield>
      <subfield code="c">(betöltött szerző)</subfield>
      <subfield code="4">(összeáll.)</subfield>
    </datafield>
    <datafield tag="700" ind1="1" ind2=" ">
      <subfield code="a">Hetényi Lajos</subfield>
      <subfield code="c">(betöltött szerző)</subfield>
      <subfield code="4">(közrem.)</subfield>
    </datafield>
    <datafield tag="700" ind1="1" ind2=" ">
      <subfield code="a">Koltay László</subfield>
      <subfield code="c">(betöltött szerző)</subfield>
      <subfield code="4">(összeáll.)</subfield>
    </datafield>
    <datafield tag="700" ind1="1" ind2=" ">
      <subfield code="a">Koltay László</subfield>
      <subfield code="c">(betöltött szerző)</subfield>
      <subfield code="4">(közrem.)</subfield>
    </datafield>
    <datafield tag="700" ind1="1" ind2=" ">
      <subfield code="a">Pálfalvi József</subfield>
      <subfield code="d">(1948-)</subfield>
      <subfield code="4">(összeáll.)</subfield>
    </datafield>
    <datafield tag="700" ind1="1" ind2=" ">
      <subfield code="a">Steiner Rezső</subfield>
      <subfield code="c">(betöltött szerző)</subfield>
      <subfield code="4">(összeáll.)</subfield>
    </datafield>
    <datafield tag="700" ind1="1" ind2=" ">
      <subfield code="a">Steiner Rezső</subfield>
      <subfield code="c">(betöltött szerző)</subfield>
      <subfield code="4">(közrem.)</subfield>
    </datafield>
    <datafield tag="852" ind1=" " ind2=" ">
      <subfield code="a">SZO1</subfield>
      <subfield code="b">SZO1</subfield>
      <subfield code="x">150292086</subfield>
    </datafield>
  </record>