
  <record>
    <leader>00658nama 22001571i 4500</leader>
    <controlfield tag="001">MOKKAS0000565845  </controlfield>
    <controlfield tag="005">20060117232819.0</controlfield>
    <controlfield tag="008">040903s1973    hu            000 0 hunod</controlfield>
    <datafield tag="035" ind1=" " ind2=" ">
      <subfield code="a">1324641</subfield>
    </datafield>
    <datafield tag="040" ind1=" " ind2=" ">
      <subfield code="a">OSZK</subfield>
    </datafield>
    <datafield tag="041" ind1="0" ind2=" ">
      <subfield code="a">hunhun</subfield>
    </datafield>
    <datafield tag="245" ind1="0" ind2="0">
      <subfield code="a">100 éves a szombathelyi gázgyártás : </subfield>
      <subfield code="b">Északdunántúli Gázgyártó és Szolgáltató Vállalat jubileumi kiadványa /</subfield>
      <subfield code="c">[összeáll. Bencze Károly et al.]</subfield>
    </datafield>
    <datafield tag="260" ind1=" " ind2=" ">
      <subfield code="a">[Szombathely] :</subfield>
      <subfield code="b">Északdunántúli Gázgyártó és Szolgáltató Vállalat,</subfield>
      <subfield code="c">1973</subfield>
      <subfield code="e">([Szombathely]</subfield>
      <subfield code="f">Vas M. Ny.)</subfield>
    </datafield>
    <datafield tag="300" ind1=" " ind2=" ">
      <subfield code="a">79 p., 2 t. ;</subfield>
      <subfield code="c">24 cm</subfield>
    </datafield>
    <datafield tag="700" ind1="1" ind2=" ">
      <subfield code="a">Bencze Károly</subfield>
      <subfield code="c">(cédulakatalógus alapján)</subfield>
      <subfield code="4">(összeáll.)</subfield>
    </datafield>
    <datafield tag="852" ind1=" " ind2=" ">
      <subfield code="a">B1</subfield>
      <subfield code="b">B1</subfield>
      <subfield code="x">1324641</subfield>
    </datafield>
  </record>