
  <record>
    <leader>00818fam  2200217 i 4500</leader>
    <controlfield tag="001">MOKKAZ0006238362  </controlfield>
    <controlfield tag="005">20040915182612.0</controlfield>
    <controlfield tag="008">940509t19881988hu            010 0 hun d</controlfield>
    <datafield tag="020" ind1=" " ind2=" ">
      <subfield code="a">963-02-5763-7 (fűzött)</subfield>
    </datafield>
    <datafield tag="035" ind1=" " ind2=" ">
      <subfield code="a">542101</subfield>
    </datafield>
    <datafield tag="040" ind1=" " ind2=" ">
      <subfield code="a">OSZK</subfield>
    </datafield>
    <datafield tag="041" ind1="0" ind2=" ">
      <subfield code="a">hunhun</subfield>
    </datafield>
    <datafield tag="245" ind1="1" ind2="0">
      <subfield code="a">100 éves a magyarországi villamosenergia szolgáltatás : </subfield>
      <subfield code="b">1888-1988 /</subfield>
      <subfield code="c">[szerk. Berényi Endre, Petri Pál, Péti Szilveszter] ; [közread. a] Magyar Villamos Művek Tröszt</subfield>
    </datafield>
    <datafield tag="260" ind1=" " ind2=" ">
      <subfield code="a">[Budapest] :</subfield>
      <subfield code="b">MVMT,</subfield>
      <subfield code="c">1988</subfield>
      <subfield code="e">([Eger]</subfield>
      <subfield code="f">Révai)</subfield>
    </datafield>
    <datafield tag="300" ind1=" " ind2=" ">
      <subfield code="a">54 p. :</subfield>
      <subfield code="b">ill., részben színes ;</subfield>
      <subfield code="c">28 cm</subfield>
    </datafield>
    <datafield tag="700" ind1="1" ind2=" ">
      <subfield code="a">Berényi Endre</subfield>
      <subfield code="4">(szerk.)</subfield>
    </datafield>
    <datafield tag="700" ind1="1" ind2=" ">
      <subfield code="a">Petri Pál</subfield>
      <subfield code="4">(szerk.)</subfield>
    </datafield>
    <datafield tag="700" ind1="1" ind2=" ">
      <subfield code="a">Péti Szilveszter</subfield>
      <subfield code="4">(szerk.)</subfield>
    </datafield>
    <datafield tag="710" ind1="2" ind2=" ">
      <subfield code="a">Magyar Villamos Művek Tröszt (Budapest)</subfield>
      <subfield code="4">közread.</subfield>
    </datafield>
    <datafield tag="852" ind1=" " ind2=" ">
      <subfield code="a">B1</subfield>
      <subfield code="b">B1</subfield>
      <subfield code="x">542101</subfield>
    </datafield>
    <datafield tag="852" ind1=" " ind2=" ">
      <subfield code="a">D1</subfield>
      <subfield code="b">D1</subfield>
      <subfield code="x">ISISFEF0009350</subfield>
    </datafield>
  </record>