
  <record>
    <leader>01138nam  2200277 i 4500</leader>
    <controlfield tag="001">MOKKAS0003384096  </controlfield>
    <controlfield tag="005">20060605124421.0</controlfield>
    <controlfield tag="008">050101s1988                            d</controlfield>
    <datafield tag="035" ind1=" " ind2=" ">
      <subfield code="a">681118</subfield>
    </datafield>
    <datafield tag="040" ind1=" " ind2=" ">
      <subfield code="a">KKMK</subfield>
    </datafield>
    <datafield tag="245" ind1="0" ind2="0">
      <subfield code="a">100 éves a magyarországi villamosenergia szolgáltatás, 1888-1988 : </subfield>
      <subfield code="b">100 éves a magyarországi villamosenergia szolgáltatás 1888-1988 /</subfield>
      <subfield code="c">[szerk.] Berényi Endre ; [szerk.] Petri Pál ; [szerk.] Péti Szilveszter ; [közread.] Magyar Villamos Művek Tröszt ; [közrem., fotó] Csordás Gábor</subfield>
    </datafield>
    <datafield tag="260" ind1=" " ind2=" ">
      <subfield code="a">Budapest :</subfield>
      <subfield code="b">Magyar Villamos Művek Rt.,</subfield>
      <subfield code="c">[1988]</subfield>
    </datafield>
    <datafield tag="300" ind1=" " ind2=" ">
      <subfield code="a">54 p. :</subfield>
      <subfield code="b">ill., főként színes ;</subfield>
      <subfield code="c">28 cm</subfield>
    </datafield>
    <datafield tag="500" ind1=" " ind2=" ">
      <subfield code="a">Győr-Sopron megyei adatokkal</subfield>
    </datafield>
    <datafield tag="610" ind1="2" ind2="4">
      <subfield code="a">Magyar Villamos Művek Tröszt</subfield>
    </datafield>
    <datafield tag="650" ind1=" " ind2="4">
      <subfield code="a">villamosipar</subfield>
    </datafield>
    <datafield tag="650" ind1=" " ind2="4">
      <subfield code="a">ipartörténet</subfield>
    </datafield>
    <datafield tag="651" ind1=" " ind2="4">
      <subfield code="a">Magyarország</subfield>
    </datafield>
    <datafield tag="651" ind1=" " ind2="4">
      <subfield code="a">Győr-Sopron megye</subfield>
    </datafield>
    <datafield tag="653" ind1=" " ind2=" ">
      <subfield code="a">1888-1988</subfield>
    </datafield>
    <datafield tag="700" ind1="1" ind2="0">
      <subfield code="a">Berényi Endre</subfield>
      <subfield code="4">([szerk.])</subfield>
    </datafield>
    <datafield tag="700" ind1="1" ind2="0">
      <subfield code="a">Petri Pál</subfield>
      <subfield code="4">([szerk.])</subfield>
    </datafield>
    <datafield tag="700" ind1="1" ind2="0">
      <subfield code="a">Péti Szilveszter</subfield>
      <subfield code="4">([szerk.])</subfield>
    </datafield>
    <datafield tag="700" ind1="1" ind2="0">
      <subfield code="a">Csordás Gábor</subfield>
      <subfield code="4">([közrem., fotó])</subfield>
    </datafield>
    <datafield tag="710" ind1="2" ind2="0">
      <subfield code="a">Magyar Villamos Művek Tröszt</subfield>
      <subfield code="4">[közread.]</subfield>
    </datafield>
    <datafield tag="852" ind1=" " ind2=" ">
      <subfield code="a">GY1</subfield>
      <subfield code="b">GY1</subfield>
      <subfield code="x">681118</subfield>
    </datafield>
  </record>