
  <record>
    <leader>01101fam  2200289 i 4500</leader>
    <controlfield tag="001">MOKKAZ0006332503  </controlfield>
    <controlfield tag="005">20040915192911.0</controlfield>
    <controlfield tag="008">951019s1994    hu aro        000 0 hun d</controlfield>
    <datafield tag="020" ind1=" " ind2=" ">
      <subfield code="a">963-04-4877-7* (bársony) :</subfield>
      <subfield code="c">200,- Ft</subfield>
    </datafield>
    <datafield tag="035" ind1=" " ind2=" ">
      <subfield code="a">154520</subfield>
    </datafield>
    <datafield tag="040" ind1=" " ind2=" ">
      <subfield code="a">OSZK</subfield>
    </datafield>
    <datafield tag="041" ind1="0" ind2=" ">
      <subfield code="a">hunhun</subfield>
    </datafield>
    <datafield tag="100" ind1="1" ind2=" ">
      <subfield code="a">Beszteri József</subfield>
    </datafield>
    <datafield tag="245" ind1="1" ind2="0">
      <subfield code="a">100 éves a közcélú villamosenergia-szolgáltatás Észak-Magyarországon : </subfield>
      <subfield code="b">1894-1994 /</subfield>
      <subfield code="c">[... szerzője Beszteri József] ; [... kiad. az Észak-magyarországi Áramszolgáltató Részvénytársaság]</subfield>
    </datafield>
    <datafield tag="260" ind1=" " ind2=" ">
      <subfield code="a">[Miskolc] :</subfield>
      <subfield code="b">ÉMÁSZ,</subfield>
      <subfield code="c">1994</subfield>
      <subfield code="e">([Miskolc]</subfield>
      <subfield code="f">ÉMÁSZ Ny.)</subfield>
    </datafield>
    <datafield tag="300" ind1=" " ind2=" ">
      <subfield code="a">177 p. :</subfield>
      <subfield code="b">ill., részben színes ;</subfield>
      <subfield code="c">24 cm</subfield>
    </datafield>
    <datafield tag="500" ind1=" " ind2=" ">
      <subfield code="a">Példányszám: 4000</subfield>
    </datafield>
    <datafield tag="610" ind1="2" ind2="4">
      <subfield code="a">Észak-magyarországi Áramszolgáltató Rt. (Miskolc)</subfield>
    </datafield>
    <datafield tag="650" ind1=" " ind2="4">
      <subfield code="a">villamos energia</subfield>
    </datafield>
    <datafield tag="650" ind1=" " ind2="4">
      <subfield code="a">1894-1994</subfield>
    </datafield>
    <datafield tag="650" ind1=" " ind2="4">
      <subfield code="a">energiaellátás</subfield>
    </datafield>
    <datafield tag="650" ind1=" " ind2="4">
      <subfield code="a">ipartörténet</subfield>
    </datafield>
    <datafield tag="651" ind1=" " ind2="4">
      <subfield code="a">Észak-Magyarország</subfield>
    </datafield>
    <datafield tag="710" ind1="2" ind2=" ">
      <subfield code="a">Észak-magyarországi Áramszolgáltató Rt (Miskolc)</subfield>
      <subfield code="4">közread.</subfield>
    </datafield>
    <datafield tag="852" ind1=" " ind2=" ">
      <subfield code="a">B1</subfield>
      <subfield code="b">B1</subfield>
      <subfield code="x">154520</subfield>
    </datafield>
    <datafield tag="852" ind1=" " ind2=" ">
      <subfield code="a">D1</subfield>
      <subfield code="b">D1</subfield>
      <subfield code="x">bibKLT00062977</subfield>
    </datafield>
    <datafield tag="852" ind1=" " ind2=" ">
      <subfield code="a">M2</subfield>
      <subfield code="b">M2</subfield>
      <subfield code="x">bibRFK00044847</subfield>
    </datafield>
  </record>