
  <record>
    <leader>00801nam  2200205 i 4500</leader>
    <controlfield tag="001">MOKKAS0002430059  </controlfield>
    <controlfield tag="005">20060617113243.0</controlfield>
    <controlfield tag="008">010213s1994    hu a             10 hun d</controlfield>
    <datafield tag="035" ind1=" " ind2=" ">
      <subfield code="a">bibBBM135383</subfield>
    </datafield>
    <datafield tag="040" ind1=" " ind2=" ">
      <subfield code="a">BBMK</subfield>
    </datafield>
    <datafield tag="100" ind1="1" ind2=" ">
      <subfield code="a">Beszteri József</subfield>
    </datafield>
    <datafield tag="245" ind1="1" ind2="0">
      <subfield code="a">100 éves a közcélú villamosenergia - szolgáltatás Észak - Magyarországon :</subfield>
      <subfield code="b">1894-1994 /</subfield>
      <subfield code="c">[Beszteri József] ; [szerk. Ónodvári Miklós] ; [kiad. az Észak - Magyarországi Áramszolgáltató Részvénytársaság]</subfield>
    </datafield>
    <datafield tag="260" ind1=" " ind2=" ">
      <subfield code="a">Miskolc :</subfield>
      <subfield code="b">ÉMÁSZ RT.,</subfield>
      <subfield code="c">1994</subfield>
    </datafield>
    <datafield tag="300" ind1=" " ind2=" ">
      <subfield code="a">177 p. :</subfield>
      <subfield code="b">ill. ;</subfield>
      <subfield code="c">24 cm</subfield>
    </datafield>
    <datafield tag="650" ind1=" " ind2="4">
      <subfield code="a">Energia</subfield>
    </datafield>
    <datafield tag="650" ind1=" " ind2="4">
      <subfield code="a">Ipartörténet</subfield>
    </datafield>
    <datafield tag="651" ind1=" " ind2="4">
      <subfield code="a">Észak-Magyarország</subfield>
    </datafield>
    <datafield tag="700" ind1="1" ind2=" ">
      <subfield code="a">Ónodvári Miklós</subfield>
    </datafield>
    <datafield tag="710" ind1="1" ind2=" ">
      <subfield code="a">Észak-magyarországi Áramszolgáltató Részvénytársaság (Miskolc)</subfield>
    </datafield>
    <datafield tag="852" ind1=" " ind2=" ">
      <subfield code="a">ST1</subfield>
      <subfield code="b">ST1</subfield>
      <subfield code="x">bibBBM135383</subfield>
    </datafield>
  </record>