
  <record>
    <leader>00574nam  2200169 i 4500</leader>
    <controlfield tag="001">MOKKAZ0005848816  </controlfield>
    <controlfield tag="005">20040911005409.0</controlfield>
    <controlfield tag="008">990828s1994                  000 0 hun d</controlfield>
    <datafield tag="035" ind1=" " ind2=" ">
      <subfield code="a">BMEOMIKK000095946</subfield>
    </datafield>
    <datafield tag="036" ind1=" " ind2=" ">
      <subfield code="a">0095946</subfield>
      <subfield code="b">BMEKK</subfield>
    </datafield>
    <datafield tag="040" ind1=" " ind2=" ">
      <subfield code="a">BMEOMIKK</subfield>
    </datafield>
    <datafield tag="041" ind1="0" ind2=" ">
      <subfield code="a">hun</subfield>
    </datafield>
    <datafield tag="100" ind1="1" ind2=" ">
      <subfield code="a">Beszteri József</subfield>
    </datafield>
    <datafield tag="245" ind1="1" ind2="0">
      <subfield code="a">100 éves a közcélú villamosenergia-szolgáltatás Észak-Magyarországon, 1894-1994 /</subfield>
      <subfield code="c">[a köt. szerzője Beszteri József]</subfield>
    </datafield>
    <datafield tag="260" ind1=" " ind2=" ">
      <subfield code="a">Miskolc :</subfield>
      <subfield code="b">Észak-magyarországi Áramszolg. Rt.,</subfield>
      <subfield code="c">1994</subfield>
    </datafield>
    <datafield tag="300" ind1=" " ind2=" ">
      <subfield code="a">177 p. ;</subfield>
      <subfield code="c">24 cm</subfield>
    </datafield>
    <datafield tag="852" ind1=" " ind2=" ">
      <subfield code="a">B11</subfield>
      <subfield code="b">B11</subfield>
      <subfield code="x">BMEOMIKK000095946</subfield>
    </datafield>
  </record>