
  <record>
    <leader>00878cam  2200253 i 4500</leader>
    <controlfield tag="001">MOKKAS0001970160  </controlfield>
    <controlfield tag="005">20060531174257.0</controlfield>
    <controlfield tag="008">041108s1991    h  a   f      100 0 hun d</controlfield>
    <datafield tag="020" ind1=" " ind2=" ">
      <subfield code="a">963 04 27799 6</subfield>
    </datafield>
    <datafield tag="035" ind1=" " ind2=" ">
      <subfield code="a">239300</subfield>
    </datafield>
    <datafield tag="040" ind1=" " ind2=" ">
      <subfield code="a">ELTE</subfield>
    </datafield>
    <datafield tag="041" ind1="0" ind2=" ">
      <subfield code="a">hun</subfield>
    </datafield>
    <datafield tag="111" ind1="2" ind2=" ">
      <subfield code="a">Hidrobiológus Napok</subfield>
      <subfield code="n">(33.)</subfield>
      <subfield code="d">(1991)</subfield>
      <subfield code="c">(Tihany)</subfield>
    </datafield>
    <datafield tag="245" ind1="1" ind2="0">
      <subfield code="a">100 éves a Balaton-kutatás :</subfield>
      <subfield code="b">XXXIII. Hidrobiológus Napok, Tihany, 1991</subfield>
      <subfield code="c">/ [Bíró Péter et al.]</subfield>
    </datafield>
    <datafield tag="260" ind1=" " ind2=" ">
      <subfield code="a">Nemesvámos :</subfield>
      <subfield code="b">Reproprint,</subfield>
      <subfield code="c">1991</subfield>
    </datafield>
    <datafield tag="300" ind1=" " ind2=" ">
      <subfield code="a">276 p. :</subfield>
      <subfield code="b">ill. ;</subfield>
      <subfield code="c">25 cm</subfield>
    </datafield>
    <datafield tag="650" ind1="0" ind2="7">
      <subfield code="2">ar</subfield>
      <subfield code="a">hidrobiológia</subfield>
      <subfield code="z">Balaton</subfield>
      <subfield code="x">tanulmányok</subfield>
    </datafield>
    <datafield tag="650" ind1="0" ind2="7">
      <subfield code="2">ar</subfield>
      <subfield code="a">geokémia</subfield>
      <subfield code="z">Balaton</subfield>
      <subfield code="x">tanulmányok</subfield>
    </datafield>
    <datafield tag="650" ind1="0" ind2="7">
      <subfield code="2">ar</subfield>
      <subfield code="a">geomorfológia</subfield>
      <subfield code="z">Balaton</subfield>
      <subfield code="x">tanulmányok</subfield>
    </datafield>
    <datafield tag="650" ind1="0" ind2="7">
      <subfield code="2">ar</subfield>
      <subfield code="a">földtan</subfield>
      <subfield code="z">Balaton</subfield>
      <subfield code="x">tanulmányok</subfield>
    </datafield>
    <datafield tag="650" ind1="0" ind2="7">
      <subfield code="2">ar</subfield>
      <subfield code="a">angolnapusztulás</subfield>
      <subfield code="z">Balaton</subfield>
      <subfield code="x">tanulmányok</subfield>
    </datafield>
    <datafield tag="651" ind1=" " ind2="4">
      <subfield code="a">Balaton</subfield>
    </datafield>
    <datafield tag="700" ind1="1" ind2=" ">
      <subfield code="a">Bíró Péter</subfield>
      <subfield code="d">(1943-)</subfield>
    </datafield>
    <datafield tag="852" ind1=" " ind2=" ">
      <subfield code="a">B2</subfield>
      <subfield code="b">B2</subfield>
      <subfield code="x">239300</subfield>
    </datafield>
  </record>