
  <record>
    <leader>00726nam  2200193 i 4500</leader>
    <controlfield tag="001">MOKKAS0003328806  </controlfield>
    <controlfield tag="005">20060604065142.0</controlfield>
    <controlfield tag="008">050101s1991                            d</controlfield>
    <datafield tag="020" ind1=" " ind2=" ">
      <subfield code="a">963-04-2779-6</subfield>
    </datafield>
    <datafield tag="035" ind1=" " ind2=" ">
      <subfield code="a">487850</subfield>
    </datafield>
    <datafield tag="040" ind1=" " ind2=" ">
      <subfield code="a">KKMK</subfield>
    </datafield>
    <datafield tag="245" ind1="0" ind2="0">
      <subfield code="a">100 éves a Balaton-kutatás : </subfield>
      <subfield code="b">XXXIII. Hidrobiológus   Napok /</subfield>
      <subfield code="c">[rend.] MTA Balatoni Limnológiai Kutatóintézet ; [szerk.] Biró Péter</subfield>
    </datafield>
    <datafield tag="260" ind1=" " ind2=" ">
      <subfield code="a">Tihany :</subfield>
      <subfield code="b">MTA Balatoni Limnológia Kutató Intézet,</subfield>
      <subfield code="c">1991 [!1992]</subfield>
    </datafield>
    <datafield tag="300" ind1=" " ind2=" ">
      <subfield code="a">276 p. :</subfield>
      <subfield code="b">ill. ;</subfield>
      <subfield code="c">25 cm</subfield>
    </datafield>
    <datafield tag="500" ind1=" " ind2=" ">
      <subfield code="a">Bibliogr. az előadások végén</subfield>
    </datafield>
    <datafield tag="611" ind1="2" ind2="4">
      <subfield code="a">Hidrobiológus Napok</subfield>
      <subfield code="n">33.</subfield>
      <subfield code="d">(1991)</subfield>
      <subfield code="c">(Tihany)</subfield>
    </datafield>
    <datafield tag="700" ind1="1" ind2="0">
      <subfield code="a">Biró Péter</subfield>
      <subfield code="d">(1930-)</subfield>
      <subfield code="4">([szerk.])</subfield>
    </datafield>
    <datafield tag="710" ind1="2" ind2=" ">
      <subfield code="a">Magyar (Tihany)</subfield>
      <subfield code="4">[rend.]</subfield>
    </datafield>
    <datafield tag="852" ind1=" " ind2=" ">
      <subfield code="a">GY1</subfield>
      <subfield code="b">GY1</subfield>
      <subfield code="x">487850</subfield>
    </datafield>
  </record>