
  <record>
    <leader>00731cam  22002051  4500</leader>
    <controlfield tag="001">MOKKAZ0003247821  </controlfield>
    <controlfield tag="005">20040909172456.0</controlfield>
    <controlfield tag="008">      s1992    hu            00    hun d</controlfield>
    <datafield tag="020" ind1=" " ind2=" ">
      <subfield code="a">963 04 0027 8</subfield>
    </datafield>
    <datafield tag="035" ind1=" " ind2=" ">
      <subfield code="a">ISISIIF0018334</subfield>
    </datafield>
    <datafield tag="040" ind1=" " ind2=" ">
      <subfield code="a">DEENK</subfield>
    </datafield>
    <datafield tag="245" ind1="0" ind2="0">
      <subfield code="a">100 éves a Balaton-kutatás :</subfield>
      <subfield code="b">XXXIII. Hidrobiológus napok, Tihany, 1991 /</subfield>
      <subfield code="c">szerk. Biró Péter et al.]</subfield>
    </datafield>
    <datafield tag="260" ind1=" " ind2=" ">
      <subfield code="a">[S.l.] :</subfield>
      <subfield code="b">M.Hidr.Társ.,</subfield>
      <subfield code="c">1992</subfield>
    </datafield>
    <datafield tag="300" ind1=" " ind2=" ">
      <subfield code="a">276 p. ;</subfield>
      <subfield code="c">25 cm</subfield>
    </datafield>
    <datafield tag="651" ind1=" " ind2="4">
      <subfield code="a">Balaton (Magyarország)</subfield>
      <subfield code="x">kutatás</subfield>
    </datafield>
    <datafield tag="651" ind1=" " ind2="0">
      <subfield code="a">Balaton, Lake (Hungary)</subfield>
      <subfield code="x">Research.</subfield>
    </datafield>
    <datafield tag="700" ind1="1" ind2=" ">
      <subfield code="a">Biró Péter</subfield>
    </datafield>
    <datafield tag="710" ind1="2" ind2=" ">
      <subfield code="a">Magyar Hidrológiai Társaság.</subfield>
      <subfield code="b">Limnológiai Szakosztály.</subfield>
    </datafield>
    <datafield tag="711" ind1="2" ind2=" ">
      <subfield code="a">Hidrobiológus Napok.</subfield>
      <subfield code="n">(33.)</subfield>
      <subfield code="d">(1991)</subfield>
      <subfield code="c">(Tihany)</subfield>
    </datafield>
    <datafield tag="852" ind1=" " ind2=" ">
      <subfield code="a">D1</subfield>
      <subfield code="b">D1</subfield>
      <subfield code="x">ISISIIF0018334</subfield>
    </datafield>
  </record>