
  <record>
    <leader>00965nam  2200265 i 4500</leader>
    <controlfield tag="001">MOKKAZ0004037859  </controlfield>
    <controlfield tag="005">20101011154824.0</controlfield>
    <controlfield tag="008">981006s1992    hu            0001  hun d</controlfield>
    <datafield tag="020" ind1=" " ind2=" ">
      <subfield code="a">963 04 2779 6</subfield>
    </datafield>
    <datafield tag="035" ind1=" " ind2=" ">
      <subfield code="a">bibJAT00322895</subfield>
    </datafield>
    <datafield tag="040" ind1=" " ind2=" ">
      <subfield code="a">SZTE</subfield>
    </datafield>
    <datafield tag="080" ind1=" " ind2=" ">
      <subfield code="a">556.55(439.11:285.2B)(061.3)</subfield>
    </datafield>
    <datafield tag="080" ind1=" " ind2=" ">
      <subfield code="a">577.472(285.2B:439.11)(061.3)</subfield>
    </datafield>
    <datafield tag="245" ind1="0" ind2="0">
      <subfield code="a">100 éves a Balaton-kutatás :</subfield>
      <subfield code="b">33. Hidrobiológus napok : Tihany, 1991. [előadáskivonatok] /</subfield>
      <subfield code="c">[szerk. Bíró Péter]</subfield>
    </datafield>
    <datafield tag="260" ind1=" " ind2=" ">
      <subfield code="a">Tihany :</subfield>
      <subfield code="b">MHT,</subfield>
      <subfield code="c">1992</subfield>
    </datafield>
    <datafield tag="300" ind1=" " ind2=" ">
      <subfield code="a">276 p. :</subfield>
      <subfield code="b">ill. ;</subfield>
      <subfield code="c">25 cm</subfield>
    </datafield>
    <datafield tag="504" ind1=" " ind2=" ">
      <subfield code="a">Bibliográfiákkal</subfield>
    </datafield>
    <datafield tag="650" ind1=" " ind2="7">
      <subfield code="a">Balaton</subfield>
      <subfield code="x">hidrológia</subfield>
      <subfield code="x">tanulmányok</subfield>
      <subfield code="2">szte</subfield>
    </datafield>
    <datafield tag="650" ind1=" " ind2="7">
      <subfield code="a">Balaton</subfield>
      <subfield code="x">élővilág</subfield>
      <subfield code="x">tanulmányok</subfield>
      <subfield code="2">szte</subfield>
    </datafield>
    <datafield tag="651" ind1=" " ind2="7">
      <subfield code="a">Balaton</subfield>
      <subfield code="x">hidrológia</subfield>
      <subfield code="x">tanulmányok</subfield>
      <subfield code="2">szte</subfield>
    </datafield>
    <datafield tag="651" ind1=" " ind2="7">
      <subfield code="a">Balaton</subfield>
      <subfield code="x">élővilág</subfield>
      <subfield code="x">tanulmányok</subfield>
      <subfield code="2">szte</subfield>
    </datafield>
    <datafield tag="700" ind1="1" ind2=" ">
      <subfield code="a">Bíró Péter</subfield>
    </datafield>
    <datafield tag="711" ind1="2" ind2=" ">
      <subfield code="a">Hidrobiológus napok</subfield>
      <subfield code="n">(33.)</subfield>
      <subfield code="c">(Tihany)</subfield>
      <subfield code="d">(1991)</subfield>
    </datafield>
    <datafield tag="852" ind1=" " ind2=" ">
      <subfield code="a">SZ1</subfield>
      <subfield code="b">SZ1/R2</subfield>
      <subfield code="x">bibJAT00322895</subfield>
    </datafield>
    <datafield tag="852" ind1=" " ind2=" ">
      <subfield code="a">SZ4</subfield>
      <subfield code="b">SZ4</subfield>
      <subfield code="x">bibJAT00322895</subfield>
    </datafield>
  </record>