
  <record>
    <leader>00741nam  2200229 i 4500</leader>
    <controlfield tag="001">MOKKAN0004711028  </controlfield>
    <controlfield tag="005">20070703042003.0</controlfield>
    <controlfield tag="008">040930s2004                        hun d</controlfield>
    <datafield tag="020" ind1=" " ind2=" ">
      <subfield code="a">963 430 612 8</subfield>
    </datafield>
    <datafield tag="035" ind1=" " ind2=" ">
      <subfield code="a">KÉE189048</subfield>
    </datafield>
    <datafield tag="040" ind1=" " ind2=" ">
      <subfield code="a">BCEEFK</subfield>
    </datafield>
    <datafield tag="041" ind1="0" ind2=" ">
      <subfield code="a">hun</subfield>
    </datafield>
    <datafield tag="100" ind1="1" ind2=" ">
      <subfield code="a">Böngyik Árpád,</subfield>
      <subfield code="c">Egyházaskéri</subfield>
    </datafield>
    <datafield tag="245" ind1="1" ind2="0">
      <subfield code="a">100 éves a Bajai Kertészképző : </subfield>
      <subfield code="b">1904-2004 /</subfield>
      <subfield code="c">Egyházaskéri Böngyik Árpád</subfield>
    </datafield>
    <datafield tag="250" ind1=" " ind2=" ">
      <subfield code="a">2. átd. kiad.</subfield>
    </datafield>
    <datafield tag="260" ind1=" " ind2=" ">
      <subfield code="a">Baja :</subfield>
      <subfield code="b">Bajai Kertészképző,</subfield>
      <subfield code="c">[2004]</subfield>
    </datafield>
    <datafield tag="300" ind1=" " ind2=" ">
      <subfield code="a">356 p. :</subfield>
      <subfield code="b">ill.</subfield>
    </datafield>
    <datafield tag="500" ind1=" " ind2=" ">
      <subfield code="a">A könyvben válogatott dokumentumok találhatók könyvtárunkból és levéltárunkból</subfield>
    </datafield>
    <datafield tag="504" ind1=" " ind2=" ">
      <subfield code="a">Bibliogr. p. 347-349</subfield>
    </datafield>
    <datafield tag="650" ind1=" " ind2="4">
      <subfield code="a">Kertészképzés</subfield>
    </datafield>
    <datafield tag="650" ind1=" " ind2="4">
      <subfield code="a">Baja</subfield>
    </datafield>
    <datafield tag="852" ind1=" " ind2=" ">
      <subfield code="a">B503</subfield>
      <subfield code="b">B503</subfield>
      <subfield code="x">KÉE189048</subfield>
    </datafield>
  </record>