
  <record>
    <leader>00759nam  2200217 i 4500</leader>
    <controlfield tag="001">MOKKAZ0006376939  </controlfield>
    <controlfield tag="005">20040915195425.0</controlfield>
    <controlfield tag="008">990402s1998    hu a     b    100 0 hun d</controlfield>
    <datafield tag="020" ind1=" " ind2=" ">
      <subfield code="a">963-03-6822-6 (fűzött)</subfield>
    </datafield>
    <datafield tag="035" ind1=" " ind2=" ">
      <subfield code="a">350890</subfield>
    </datafield>
    <datafield tag="040" ind1=" " ind2=" ">
      <subfield code="a">OSZK</subfield>
    </datafield>
    <datafield tag="041" ind1="0" ind2=" ">
      <subfield code="a">hunhun</subfield>
    </datafield>
    <datafield tag="072" ind1=" " ind2="1">
      <subfield code="a">A</subfield>
    </datafield>
    <datafield tag="072" ind1=" " ind2="1">
      <subfield code="a">V</subfield>
    </datafield>
    <datafield tag="100" ind1="1" ind2=" ">
      <subfield code="a">Borsos János</subfield>
      <subfield code="d">(1936-)</subfield>
    </datafield>
    <datafield tag="245" ind1="1" ind2="0">
      <subfield code="a">100 éves a debreceni dohánykutatás, 1898-1998 : </subfield>
      <subfield code="b">Dohánytermesztési Tudományos Konferencia, 1998. november 5., Debrecen ... /</subfield>
      <subfield code="c">[... összeáll. Borsos János]</subfield>
    </datafield>
    <datafield tag="260" ind1=" " ind2=" ">
      <subfield code="a">[Budapest] :</subfield>
      <subfield code="b">Dohány Terméktanács,</subfield>
      <subfield code="c">1998</subfield>
      <subfield code="e">(Debrecen</subfield>
      <subfield code="f">Piremon)</subfield>
    </datafield>
    <datafield tag="300" ind1=" " ind2=" ">
      <subfield code="a">71 p. :</subfield>
      <subfield code="b">ill. ;</subfield>
      <subfield code="c">21 cm</subfield>
    </datafield>
    <datafield tag="500" ind1=" " ind2=" ">
      <subfield code="a">A Magyar dohányújság, 106. évf. (1998) 3-4. száma</subfield>
    </datafield>
    <datafield tag="504" ind1=" " ind2=" ">
      <subfield code="a">Bibliogr.: p. 71.</subfield>
    </datafield>
    <datafield tag="852" ind1=" " ind2=" ">
      <subfield code="a">B1</subfield>
      <subfield code="b">B1</subfield>
      <subfield code="x">350890</subfield>
    </datafield>
  </record>