
  <record>
    <leader>00888nam  2200229 i 4500</leader>
    <controlfield tag="001">MOKKAW0005770525  </controlfield>
    <controlfield tag="005">20080418143839.0</controlfield>
    <controlfield tag="008">020825s1998    hu            100 0     d</controlfield>
    <datafield tag="035" ind1=" " ind2=" ">
      <subfield code="a">BMEOMIKK000422801</subfield>
    </datafield>
    <datafield tag="040" ind1=" " ind2=" ">
      <subfield code="a">BMEOMIKK</subfield>
    </datafield>
    <datafield tag="041" ind1="0" ind2=" ">
      <subfield code="a">hun</subfield>
    </datafield>
    <datafield tag="245" ind1="0" ind2="0">
      <subfield code="a">100 éves a debreceni dohánykutatás, 1898-1998 /</subfield>
      <subfield code="c">[szerk. Borsos János]</subfield>
    </datafield>
    <datafield tag="260" ind1=" " ind2=" ">
      <subfield code="a">Budapest :</subfield>
      <subfield code="b">DMI,</subfield>
      <subfield code="c">1998</subfield>
    </datafield>
    <datafield tag="300" ind1=" " ind2=" ">
      <subfield code="a">56 p. ;</subfield>
      <subfield code="c">29 cm +</subfield>
      <subfield code="e">71 p.</subfield>
    </datafield>
    <datafield tag="490" ind1="1" ind2=" ">
      <subfield code="a">Magyar dohányújság</subfield>
      <subfield code="v">106. évf., 3-4. sz. 1998</subfield>
    </datafield>
    <datafield tag="500" ind1=" " ind2=" ">
      <subfield code="a">A melléklet tartalmazza a Dohánytermesztési tudományos konferencia anyagát. A konferencia rendezésének helye és ideje: Debrecen, 1998.nov.5.</subfield>
    </datafield>
    <datafield tag="500" ind1=" " ind2=" ">
      <subfield code="a">Előszó angol nyelven is</subfield>
    </datafield>
    <datafield tag="504" ind1=" " ind2=" ">
      <subfield code="a">Bibliogr.: mell. 71. p.</subfield>
    </datafield>
    <datafield tag="700" ind1="1" ind2=" ">
      <subfield code="a">Borsos János</subfield>
    </datafield>
    <datafield tag="711" ind1="2" ind2=" ">
      <subfield code="a">Dohánytermesztési tudományos konferencia</subfield>
      <subfield code="d">1998</subfield>
      <subfield code="c">Debrecen</subfield>
    </datafield>
    <datafield tag="830" ind1=" " ind2="0">
      <subfield code="a">Magyar dohányújság</subfield>
    </datafield>
    <datafield tag="852" ind1=" " ind2=" ">
      <subfield code="a">B11</subfield>
      <subfield code="b">B11</subfield>
      <subfield code="x">BMEOMIKK000422801</subfield>
    </datafield>
  </record>