
  <record>
    <leader>00826nam  2200205 i 4500</leader>
    <controlfield tag="001">MOKKAZ0006464960  </controlfield>
    <controlfield tag="005">20040915203943.0</controlfield>
    <controlfield tag="008">031015s2003    hu a          000 0 hun d</controlfield>
    <datafield tag="035" ind1=" " ind2=" ">
      <subfield code="a">1042865</subfield>
    </datafield>
    <datafield tag="040" ind1=" " ind2=" ">
      <subfield code="a">OSZK</subfield>
    </datafield>
    <datafield tag="041" ind1="0" ind2=" ">
      <subfield code="a">hunhun</subfield>
    </datafield>
    <datafield tag="072" ind1=" " ind2="1">
      <subfield code="a">H</subfield>
    </datafield>
    <datafield tag="245" ind1="0" ind2="0">
      <subfield code="a">100 éves a nagykállói középiskolai kollégium : </subfield>
      <subfield code="b">centenáriumi emlékkönyv, 2003</subfield>
    </datafield>
    <datafield tag="260" ind1=" " ind2=" ">
      <subfield code="a">[Nagykálló] :</subfield>
      <subfield code="b">[Budai Nagy A. Szakközépisk. Kollégium],</subfield>
      <subfield code="c">2003</subfield>
      <subfield code="e">(Nyíregyháza</subfield>
      <subfield code="f">Color Pack)</subfield>
    </datafield>
    <datafield tag="300" ind1=" " ind2=" ">
      <subfield code="a">112 p. :</subfield>
      <subfield code="b">ill. ;</subfield>
      <subfield code="c">21 cm</subfield>
    </datafield>
    <datafield tag="500" ind1=" " ind2=" ">
      <subfield code="a">Közread. a Budai Nagy Antal Szakközépiskola Kollégiuma</subfield>
    </datafield>
    <datafield tag="610" ind1="2" ind2="4">
      <subfield code="a">Budai Nagy Antal Szakközépiskola (Nagykálló).</subfield>
      <subfield code="b">Kollégium</subfield>
    </datafield>
    <datafield tag="610" ind1="2" ind2="4">
      <subfield code="a">Korányi Frigyes Gimnázium (Nagykálló).</subfield>
      <subfield code="b">Kollégium</subfield>
    </datafield>
    <datafield tag="710" ind1="2" ind2=" ">
      <subfield code="a">Budai Nagy Antal Szakközépiskola (Nagykálló).</subfield>
      <subfield code="b">Kollégium</subfield>
      <subfield code="4">közread.</subfield>
    </datafield>
    <datafield tag="852" ind1=" " ind2=" ">
      <subfield code="a">B1</subfield>
      <subfield code="b">B1</subfield>
      <subfield code="x">1042865</subfield>
    </datafield>
  </record>