
  <record>
    <leader>00940nem  2200241 i 4500</leader>
    <controlfield tag="001">MOKKAZ0006471548  </controlfield>
    <controlfield tag="005">20040915204314.0</controlfield>
    <controlfield tag="007">ajocanza</controlfield>
    <controlfield tag="008">031204s2003    hu bg               hun d</controlfield>
    <datafield tag="035" ind1=" " ind2=" ">
      <subfield code="a">1057524</subfield>
    </datafield>
    <datafield tag="040" ind1=" " ind2=" ">
      <subfield code="a">OSZK</subfield>
    </datafield>
    <datafield tag="072" ind1=" " ind2="1">
      <subfield code="a">6</subfield>
    </datafield>
    <datafield tag="130" ind1="0" ind2="0">
      <subfield code="a">Világ</subfield>
      <subfield code="k">kultúrtörténeti térkép</subfield>
      <subfield code="f">1903/2003</subfield>
    </datafield>
    <datafield tag="245" ind1="1" ind2="0">
      <subfield code="a">100 éves a repülés /</subfield>
      <subfield code="c">prod.  by National Geographic Maps ; Allen Carroll chief cartographer ; tervezte: Charles W. Berry ; útvonal-térképek és domborzat: Tibor G. Tóth</subfield>
    </datafield>
    <datafield tag="260" ind1=" " ind2=" ">
      <subfield code="a">Budapest :</subfield>
      <subfield code="b">Geographia,</subfield>
      <subfield code="c">2003</subfield>
    </datafield>
    <datafield tag="300" ind1=" " ind2=" ">
      <subfield code="a">1 térkl. :</subfield>
      <subfield code="b">színes ;</subfield>
      <subfield code="c">50,9x78,6 cm</subfield>
    </datafield>
    <datafield tag="500" ind1=" " ind2=" ">
      <subfield code="a">Repüléstörténeti térkép</subfield>
    </datafield>
    <datafield tag="580" ind1=" " ind2=" ">
      <subfield code="a">A National Geographic Magyarország 2003. decemberi számának melléklete</subfield>
    </datafield>
    <datafield tag="700" ind1="1" ind2=" ">
      <subfield code="a">Carroll, Allen</subfield>
      <subfield code="4">(szerk.)</subfield>
    </datafield>
    <datafield tag="700" ind1="1" ind2=" ">
      <subfield code="a">Berry, Charles W.</subfield>
      <subfield code="4">(szerk.)</subfield>
    </datafield>
    <datafield tag="700" ind1="1" ind2=" ">
      <subfield code="a">Tóth, Tibor G.</subfield>
      <subfield code="4">(szerk.)</subfield>
    </datafield>
    <datafield tag="710" ind1="2" ind2=" ">
      <subfield code="a">National Geographic Maps (Washington D. C)</subfield>
      <subfield code="4">kész.</subfield>
    </datafield>
    <datafield tag="852" ind1=" " ind2=" ">
      <subfield code="a">B1</subfield>
      <subfield code="b">B1</subfield>
      <subfield code="x">1057524</subfield>
    </datafield>
  </record>