
  <record>
    <leader>00564nama 22001691i 4500</leader>
    <controlfield tag="001">MOKKAS0000528559  </controlfield>
    <controlfield tag="005">20060117211904.0</controlfield>
    <controlfield tag="008">040903s1958    hu            000 0 hunod</controlfield>
    <datafield tag="035" ind1=" " ind2=" ">
      <subfield code="a">1287352</subfield>
    </datafield>
    <datafield tag="040" ind1=" " ind2=" ">
      <subfield code="a">OSZK</subfield>
    </datafield>
    <datafield tag="041" ind1="0" ind2=" ">
      <subfield code="a">hunhun</subfield>
    </datafield>
    <datafield tag="100" ind1="1" ind2=" ">
      <subfield code="a">Csonka Pál</subfield>
      <subfield code="d">(1896-1987)</subfield>
    </datafield>
    <datafield tag="245" ind1="1" ind2="0">
      <subfield code="a">100 évesek a Clapeyron-féle egyenletek /</subfield>
      <subfield code="c">Csonka Pál</subfield>
    </datafield>
    <datafield tag="260" ind1=" " ind2=" ">
      <subfield code="a">Budapest :</subfield>
      <subfield code="b">Akad. Kiadó,</subfield>
      <subfield code="c">1958</subfield>
      <subfield code="e">(Budapest</subfield>
      <subfield code="f">Akad. Ny.)</subfield>
    </datafield>
    <datafield tag="300" ind1=" " ind2=" ">
      <subfield code="a">p. 65-66. ;</subfield>
      <subfield code="c">25 cm</subfield>
    </datafield>
    <datafield tag="580" ind1=" " ind2=" ">
      <subfield code="a">Klny. a Magyar Tudományos Akadémia Műszaki Tudományok Osztályának Közleményeiből</subfield>
    </datafield>
    <datafield tag="852" ind1=" " ind2=" ">
      <subfield code="a">B1</subfield>
      <subfield code="b">B1</subfield>
      <subfield code="x">1287352</subfield>
    </datafield>
  </record>