
  <record>
    <leader>00893nam  2200241 i 4500</leader>
    <controlfield tag="001">MOKKAS0001068578  </controlfield>
    <controlfield tag="005">20051215223210.0</controlfield>
    <controlfield tag="008">050903s1995    hu            00010 hun d</controlfield>
    <datafield tag="035" ind1=" " ind2=" ">
      <subfield code="a">bibBKO00245379</subfield>
    </datafield>
    <datafield tag="040" ind1=" " ind2=" ">
      <subfield code="a">BMK</subfield>
    </datafield>
    <datafield tag="245" ind1="0" ind2="0">
      <subfield code="a">100 éves a dél-alföldi áramszolgáltatás :</subfield>
      <subfield code="b">1895-1995 /</subfield>
      <subfield code="c">[kiad. a] DÉMÁSZ Rt.</subfield>
    </datafield>
    <datafield tag="260" ind1=" " ind2=" ">
      <subfield code="a">Szeged :</subfield>
      <subfield code="b">DÉMÁSZ,</subfield>
      <subfield code="c">[1995]</subfield>
    </datafield>
    <datafield tag="300" ind1=" " ind2=" ">
      <subfield code="a">14 p. :</subfield>
      <subfield code="b">ill., szines ;</subfield>
      <subfield code="c">30 cm</subfield>
    </datafield>
    <datafield tag="504" ind1=" " ind2=" ">
      <subfield code="a">A bevezetőt Dervarics Attila irta</subfield>
    </datafield>
    <datafield tag="504" ind1=" " ind2=" ">
      <subfield code="a">Megyei adatokkal</subfield>
    </datafield>
    <datafield tag="650" ind1=" " ind2="6">
      <subfield code="a">Délmagyarországi Áramszolgáltató Vállalat (Szeged)</subfield>
    </datafield>
    <datafield tag="650" ind1=" " ind2="6">
      <subfield code="a">áramszolgáltatás - Dél-Alföld - történet</subfield>
    </datafield>
    <datafield tag="650" ind1=" " ind2="6">
      <subfield code="a">áramszolgáltatás - Békés megye - történet</subfield>
    </datafield>
    <datafield tag="651" ind1=" " ind2="4">
      <subfield code="a">Békés megye</subfield>
    </datafield>
    <datafield tag="651" ind1=" " ind2="4">
      <subfield code="a">Dél-Alföld</subfield>
    </datafield>
    <datafield tag="700" ind1="1" ind2=" ">
      <subfield code="a">Dervarics Attila</subfield>
      <subfield code="4">bev.</subfield>
    </datafield>
    <datafield tag="710" ind1="2" ind2=" ">
      <subfield code="a">Délmagyarországi Áramszolgáltató Vállalat (Szeged)</subfield>
      <subfield code="4">közread.</subfield>
    </datafield>
    <datafield tag="852" ind1=" " ind2=" ">
      <subfield code="a">BCS1</subfield>
      <subfield code="b">BCS1</subfield>
      <subfield code="x">bibBKO00245379</subfield>
    </datafield>
  </record>