
  <record>
    <leader>01296nam  2200325 i 4500</leader>
    <controlfield tag="001">MOKKAW0005130328  </controlfield>
    <controlfield tag="005">20100803202200.0</controlfield>
    <controlfield tag="008">050101s1996    hu                  hun d</controlfield>
    <datafield tag="035" ind1=" " ind2=" ">
      <subfield code="a">KKMK573520</subfield>
    </datafield>
    <datafield tag="040" ind1=" " ind2=" ">
      <subfield code="a">KKMK</subfield>
    </datafield>
    <datafield tag="041" ind1="0" ind2=" ">
      <subfield code="a">hun</subfield>
    </datafield>
    <datafield tag="080" ind1=" " ind2=" ">
      <subfield code="a">338.45:629.4(439Győr)(091)"1896/1996"</subfield>
    </datafield>
    <datafield tag="080" ind1=" " ind2=" ">
      <subfield code="a">061.5[338.45:629.4(439Győr)(091)"1896/1996"]</subfield>
    </datafield>
    <datafield tag="245" ind1="0" ind2="0">
      <subfield code="a">100 éves a Rába, [1896-1996] /</subfield>
      <subfield code="c">közrem. szerzőtárs Dusza András ; archív dok., képek Vida László ; közrem. szerzőtárs Markó Tamás ; közrem. szerzőtárs Heller László ; közrem. szerzőtárs Baudentisztl Ferenc</subfield>
    </datafield>
    <datafield tag="260" ind1=" " ind2=" ">
      <subfield code="a">Győr :</subfield>
      <subfield code="b">Rába Magyar Vagon- és Gépgyár Rt,</subfield>
      <subfield code="c">1996</subfield>
      <subfield code="e">(</subfield>
      <subfield code="f">Rába Rt. Nyomda)</subfield>
    </datafield>
    <datafield tag="300" ind1=" " ind2=" ">
      <subfield code="a">81 p :</subfield>
      <subfield code="b">ill ;</subfield>
      <subfield code="c">24 cm</subfield>
    </datafield>
    <datafield tag="610" ind1="2" ind2="4">
      <subfield code="a">Rába Magyar Vagon- és Gépgyár Rt (Győr)</subfield>
    </datafield>
    <datafield tag="650" ind1=" " ind2="4">
      <subfield code="a">jubileum</subfield>
    </datafield>
    <datafield tag="650" ind1=" " ind2="4">
      <subfield code="a">iparvállalat</subfield>
    </datafield>
    <datafield tag="650" ind1=" " ind2="4">
      <subfield code="a">ipartörténet</subfield>
    </datafield>
    <datafield tag="650" ind1=" " ind2="4">
      <subfield code="a">helytörténet</subfield>
    </datafield>
    <datafield tag="650" ind1=" " ind2="4">
      <subfield code="a">emlékkönyv</subfield>
    </datafield>
    <datafield tag="651" ind1=" " ind2="4">
      <subfield code="a">Győr</subfield>
    </datafield>
    <datafield tag="653" ind1=" " ind2=" ">
      <subfield code="a">1896-1996</subfield>
    </datafield>
    <datafield tag="700" ind1="1" ind2=" ">
      <subfield code="a">Dusza András</subfield>
      <subfield code="d">(1945)</subfield>
      <subfield code="4">(közrem. szerzőtárs)</subfield>
    </datafield>
    <datafield tag="700" ind1="1" ind2=" ">
      <subfield code="a">Vida László</subfield>
      <subfield code="c">(könyvtáros)</subfield>
      <subfield code="4">(archív dok., képek)</subfield>
    </datafield>
    <datafield tag="700" ind1="1" ind2=" ">
      <subfield code="a">Markó Tamás</subfield>
      <subfield code="4">(közrem. szerzőtárs)</subfield>
    </datafield>
    <datafield tag="700" ind1="1" ind2=" ">
      <subfield code="a">Heller László</subfield>
      <subfield code="4">(közrem., szerzőtárs)</subfield>
    </datafield>
    <datafield tag="700" ind1="1" ind2=" ">
      <subfield code="a">Baudentisztl Ferenc</subfield>
      <subfield code="4">(közrem. szerzőtárs)</subfield>
    </datafield>
    <datafield tag="852" ind1=" " ind2=" ">
      <subfield code="a">GY1</subfield>
      <subfield code="b">GY1</subfield>
      <subfield code="x">KKMK573520</subfield>
    </datafield>
  </record>