
  <record>
    <leader>00954aam  2200241 i 4500</leader>
    <controlfield tag="001">MOKKAZ0006221611  </controlfield>
    <controlfield tag="005">20091129002721.0</controlfield>
    <controlfield tag="008">940510s1983    hu a          000 0 hun d</controlfield>
    <datafield tag="020" ind1=" " ind2=" ">
      <subfield code="a">963-241-325-3 (fűzött)</subfield>
    </datafield>
    <datafield tag="035" ind1=" " ind2=" ">
      <subfield code="a">790356</subfield>
    </datafield>
    <datafield tag="040" ind1=" " ind2=" ">
      <subfield code="a">OSZK</subfield>
    </datafield>
    <datafield tag="041" ind1="0" ind2=" ">
      <subfield code="a">hunhunlat</subfield>
      <subfield code="b">eng</subfield>
    </datafield>
    <datafield tag="100" ind1="1" ind2=" ">
      <subfield code="a">Endrőczi Elemér</subfield>
      <subfield code="d">(1927-)</subfield>
    </datafield>
    <datafield tag="245" ind1="1" ind2="0">
      <subfield code="a">100 éves a magyar orvostovábbképzés : </subfield>
      <subfield code="b">1883-1983 /</subfield>
      <subfield code="c">[írták Endrőczi Elemér, Farádi László, Kádár Tibor] ; [az előszót írta Schultheisz Emil]</subfield>
    </datafield>
    <datafield tag="260" ind1=" " ind2=" ">
      <subfield code="a">Budapest :</subfield>
      <subfield code="b">Medicina,</subfield>
      <subfield code="c">1983</subfield>
      <subfield code="e">(Eger</subfield>
      <subfield code="f">Révai)</subfield>
    </datafield>
    <datafield tag="300" ind1=" " ind2=" ">
      <subfield code="a">74 p. :</subfield>
      <subfield code="b">ill. ;</subfield>
      <subfield code="c">25 cm</subfield>
    </datafield>
    <datafield tag="500" ind1=" " ind2=" ">
      <subfield code="a">A tartalomjegyzék angol, francia, német és orosz nyelven is</subfield>
    </datafield>
    <datafield tag="650" ind1=" " ind2="7">
      <subfield code="a">orvostovábbképzés</subfield>
      <subfield code="x">történet</subfield>
      <subfield code="z">Magyarország</subfield>
      <subfield code="y">1883-1983</subfield>
      <subfield code="2">potesh</subfield>
    </datafield>
    <datafield tag="700" ind1="1" ind2="0">
      <subfield code="a">Farádi László</subfield>
      <subfield code="d">(1909-1993)</subfield>
    </datafield>
    <datafield tag="700" ind1="1" ind2="0">
      <subfield code="a">Kádár Tibor</subfield>
      <subfield code="d">(1912-)</subfield>
    </datafield>
    <datafield tag="700" ind1="1" ind2=" ">
      <subfield code="a">Schultheisz Emil</subfield>
      <subfield code="d">(1923-)</subfield>
      <subfield code="4">(előszó)</subfield>
    </datafield>
    <datafield tag="852" ind1=" " ind2=" ">
      <subfield code="a">B1</subfield>
      <subfield code="b">B1</subfield>
      <subfield code="x">790356</subfield>
    </datafield>
    <datafield tag="852" ind1=" " ind2=" ">
      <subfield code="a">P1</subfield>
      <subfield code="b">P10/R</subfield>
      <subfield code="b">P10/K</subfield>
      <subfield code="x">MOKKAZ0006221611</subfield>
    </datafield>
  </record>