
  <record>
    <leader>01117cam  2200277 a 4500</leader>
    <controlfield tag="001">MOKKAZ0005368989  </controlfield>
    <controlfield tag="005">20040910174329.0</controlfield>
    <controlfield tag="008">980318c        hu            00010 hun d</controlfield>
    <datafield tag="035" ind1=" " ind2=" ">
      <subfield code="a">14879</subfield>
    </datafield>
    <datafield tag="040" ind1=" " ind2=" ">
      <subfield code="a">SEKK</subfield>
    </datafield>
    <datafield tag="041" ind1="0" ind2=" ">
      <subfield code="a">hun</subfield>
    </datafield>
    <datafield tag="100" ind1="1" ind2="0">
      <subfield code="a">Endrőczi Elemér</subfield>
    </datafield>
    <datafield tag="245" ind1="1" ind2="0">
      <subfield code="a">100 éves a magyar orvostovábbképzés, 1883-1983 :</subfield>
      <subfield code="b">With a summary in english /</subfield>
      <subfield code="c">[Endrőczi Elemér, Farádi László, Kádár Tibor], ; [közread. az Orvostovábbképző Intézet, Semmelweis Orvostörténeti Múzeum, Könyvtár és Levéltár, Magyar Orvostörténelmi Társaság]</subfield>
    </datafield>
    <datafield tag="260" ind1="0" ind2="0">
      <subfield code="a">Budapest :</subfield>
      <subfield code="b">[Medicina],</subfield>
      <subfield code="c">1983.</subfield>
    </datafield>
    <datafield tag="300" ind1=" " ind2=" ">
      <subfield code="a">74 p. ;</subfield>
      <subfield code="c">25 cm.</subfield>
    </datafield>
    <datafield tag="490" ind1=" " ind2="0">
      <subfield code="a">(0301-1968)</subfield>
    </datafield>
    <datafield tag="650" ind1="1" ind2="4">
      <subfield code="a">Medical education</subfield>
    </datafield>
    <datafield tag="650" ind1="1" ind2="4">
      <subfield code="a">Orvosképzés</subfield>
    </datafield>
    <datafield tag="650" ind1="1" ind2="4">
      <subfield code="a">Általános orvostan</subfield>
      <subfield code="x">Történet</subfield>
      <subfield code="x">Orvostörténet</subfield>
    </datafield>
    <datafield tag="650" ind1="1" ind2="4">
      <subfield code="a">Medicine</subfield>
      <subfield code="x">History</subfield>
      <subfield code="x">History of medicine</subfield>
    </datafield>
    <datafield tag="700" ind1="1" ind2="0">
      <subfield code="a">Farádi László</subfield>
    </datafield>
    <datafield tag="700" ind1="1" ind2="0">
      <subfield code="a">Kádár Tibor</subfield>
    </datafield>
    <datafield tag="710" ind1="2" ind2="0">
      <subfield code="a">Orvostovábbképző Intézet (Bp.)</subfield>
    </datafield>
    <datafield tag="710" ind1="2" ind2="0">
      <subfield code="a">Semmelweis Orvostörténeti Múzeum, Könyvtár és Levéltár (Bp.)</subfield>
    </datafield>
    <datafield tag="710" ind1="2" ind2="0">
      <subfield code="a">Magyar Orvostörténelmi Társaság (Bp.)</subfield>
    </datafield>
    <datafield tag="852" ind1=" " ind2=" ">
      <subfield code="a">B13</subfield>
      <subfield code="b">B13</subfield>
      <subfield code="x">14879</subfield>
    </datafield>
  </record>