
  <record>
    <leader>00900nam  2200217 i 4500</leader>
    <controlfield tag="001">MOKKAS0003655426  </controlfield>
    <controlfield tag="005">20060614035720.0</controlfield>
    <controlfield tag="008">980721s1998    hu            00010 hun d</controlfield>
    <datafield tag="020" ind1=" " ind2=" ">
      <subfield code="a">963 7349 154</subfield>
    </datafield>
    <datafield tag="035" ind1=" " ind2=" ">
      <subfield code="a">bibSEF00010914</subfield>
    </datafield>
    <datafield tag="040" ind1=" " ind2=" ">
      <subfield code="a">NYME</subfield>
    </datafield>
    <datafield tag="110" ind1="2" ind2=" ">
      <subfield code="a">Erdészeti Tudományos Intézet (Budapest)</subfield>
    </datafield>
    <datafield tag="245" ind1="1" ind2="0">
      <subfield code="a">100 éves A M. Kir. Erdészeti Kísérleti Állomás - A M. Kir. Erdészeti Kutató Intézet - Az Erdészeti Kutató Intézet :</subfield>
      <subfield code="b">Selmecbánya - Sopron - Budapest : 1898 - 1998 /</subfield>
      <subfield code="c">[kiad. az] Erdészeti Tudományos Intézet ; [főszerk. Führer Ernő]</subfield>
    </datafield>
    <datafield tag="260" ind1=" " ind2=" ">
      <subfield code="a">Budapest :</subfield>
      <subfield code="b">ERTI,</subfield>
      <subfield code="c">1998</subfield>
    </datafield>
    <datafield tag="300" ind1=" " ind2=" ">
      <subfield code="a">92 p. ;</subfield>
      <subfield code="c">23 cm</subfield>
    </datafield>
    <datafield tag="490" ind1="1" ind2=" ">
      <subfield code="a">(Erdészeti Tudományos Intézet kiadványai ;</subfield>
      <subfield code="v">7.)</subfield>
    </datafield>
    <datafield tag="584" ind1=" " ind2=" ">
      <subfield code="x">KT 1998/7-8</subfield>
    </datafield>
    <datafield tag="700" ind1="1" ind2=" ">
      <subfield code="a">Führer Ernő</subfield>
    </datafield>
    <datafield tag="710" ind1="2" ind2=" ">
      <subfield code="a">Erdészeti Tudományos Intézet (Budapest)</subfield>
    </datafield>
    <datafield tag="830" ind1=" " ind2="0">
      <subfield code="a">Erdészeti Tudományos Intézet kiadványai</subfield>
    </datafield>
    <datafield tag="852" ind1=" " ind2=" ">
      <subfield code="a">S1</subfield>
      <subfield code="b">S1</subfield>
      <subfield code="x">bibSEF00010914</subfield>
    </datafield>
  </record>