
  <record>
    <leader>01106nam  2200277 i 4500</leader>
    <controlfield tag="001">MOKKAN0004714596  </controlfield>
    <controlfield tag="005">20070704230044.0</controlfield>
    <controlfield tag="008">010528s1999    hu           u    j hun d</controlfield>
    <datafield tag="020" ind1=" " ind2=" ">
      <subfield code="a">963 7349 154 (fűzött)</subfield>
    </datafield>
    <datafield tag="035" ind1=" " ind2=" ">
      <subfield code="a">71390</subfield>
    </datafield>
    <datafield tag="040" ind1=" " ind2=" ">
      <subfield code="a">SZIEGTUK</subfield>
    </datafield>
    <datafield tag="041" ind1="0" ind2=" ">
      <subfield code="a">hun</subfield>
    </datafield>
    <datafield tag="110" ind1="2" ind2="0">
      <subfield code="a">Erdészeti Tudományos Intézet (Budapest)</subfield>
    </datafield>
    <datafield tag="245" ind1="1" ind2="0">
      <subfield code="a">100 éves a M. Kir. Erdészeti Kísérleti Állomás - a M. Kir. Erdészeti Kutató Intézet - az Erdészeti Tudományos Intézet : </subfield>
      <subfield code="b">Selmecbánya - Sopron - Budapest 1898-1998 /</subfield>
      <subfield code="c">[főszerk. Führer Ernő] ; [szerk. biz. Borovics Attila et al.] ; [kiad. Erdészeti Tudományos Intézet]</subfield>
    </datafield>
    <datafield tag="260" ind1=" " ind2=" ">
      <subfield code="a">Budapest :</subfield>
      <subfield code="b">ERTI,</subfield>
      <subfield code="c">1999</subfield>
    </datafield>
    <datafield tag="300" ind1=" " ind2=" ">
      <subfield code="a">92 p. :</subfield>
      <subfield code="b">ill. ;</subfield>
      <subfield code="c">24 cm</subfield>
    </datafield>
    <datafield tag="490" ind1="1" ind2=" ">
      <subfield code="a">Erdészeti Tudományos Intézet kiadványai</subfield>
      <subfield code="x">1417-5495</subfield>
      <subfield code="v">7.</subfield>
    </datafield>
    <datafield tag="504" ind1=" " ind2=" ">
      <subfield code="a">Bibliogr.: p. 92.</subfield>
    </datafield>
    <datafield tag="650" ind1=" " ind2="4">
      <subfield code="a">erdészet</subfield>
    </datafield>
    <datafield tag="650" ind1=" " ind2="4">
      <subfield code="a">Erdészeti Tudományos Intézet</subfield>
    </datafield>
    <datafield tag="650" ind1=" " ind2="4">
      <subfield code="a">kutatás</subfield>
    </datafield>
    <datafield tag="650" ind1=" " ind2="4">
      <subfield code="a">Magyarország</subfield>
    </datafield>
    <datafield tag="700" ind1="1" ind2=" ">
      <subfield code="a">Führer Ernő</subfield>
      <subfield code="d">(1953-)</subfield>
      <subfield code="4">(szerk.)</subfield>
    </datafield>
    <datafield tag="700" ind1="1" ind2=" ">
      <subfield code="a">Borovics Attila</subfield>
      <subfield code="4">(szerk.)</subfield>
    </datafield>
    <datafield tag="830" ind1=" " ind2="0">
      <subfield code="a">Erdészeti Tudományos Intézet kiadványai</subfield>
    </datafield>
    <datafield tag="852" ind1=" " ind2=" ">
      <subfield code="a">G1</subfield>
      <subfield code="b">G1</subfield>
      <subfield code="x">71390</subfield>
    </datafield>
  </record>