
  <record>
    <leader>00731nam  2200205 i 4500</leader>
    <controlfield tag="001">MOKKAZ0003666127  </controlfield>
    <controlfield tag="005">20040909211209.0</controlfield>
    <controlfield tag="008">010601s2000    hu            00010 hun d</controlfield>
    <datafield tag="020" ind1=" " ind2=" ">
      <subfield code="a">963 86137 0 X</subfield>
    </datafield>
    <datafield tag="035" ind1=" " ind2=" ">
      <subfield code="a">bibKLT00290508</subfield>
    </datafield>
    <datafield tag="040" ind1=" " ind2=" ">
      <subfield code="a">DEENK</subfield>
    </datafield>
    <datafield tag="110" ind1="2" ind2=" ">
      <subfield code="a">Erzsébet Kórház (Miskolc)</subfield>
    </datafield>
    <datafield tag="245" ind1="0" ind2="0">
      <subfield code="a">100 éves a miskolci Erzsébet-Semmelweis Kórház :</subfield>
      <subfield code="b">[jubileumi évkönyv] /</subfield>
      <subfield code="c">[szerk. Sallai Zsolt ; fotók Csorba Zoltánné</subfield>
    </datafield>
    <datafield tag="260" ind1=" " ind2=" ">
      <subfield code="a">Miskolc :</subfield>
      <subfield code="b">Semmelweis Kórház,</subfield>
      <subfield code="c">2000</subfield>
    </datafield>
    <datafield tag="300" ind1=" " ind2=" ">
      <subfield code="a">206 p. :</subfield>
      <subfield code="b">ill., fotók, részben színes ;</subfield>
      <subfield code="c">31 cm</subfield>
    </datafield>
    <datafield tag="650" ind1=" " ind2="4">
      <subfield code="a">Kórházak</subfield>
      <subfield code="z">Magyarország</subfield>
      <subfield code="x">történet</subfield>
    </datafield>
    <datafield tag="650" ind1=" " ind2="0">
      <subfield code="a">Hospitals</subfield>
      <subfield code="z">Hungary</subfield>
      <subfield code="x">History.</subfield>
    </datafield>
    <datafield tag="700" ind1="1" ind2=" ">
      <subfield code="a">Sallai Zsolt</subfield>
    </datafield>
    <datafield tag="700" ind1="1" ind2=" ">
      <subfield code="a">Csorba Zoltánné</subfield>
    </datafield>
    <datafield tag="852" ind1=" " ind2=" ">
      <subfield code="a">D1</subfield>
      <subfield code="b">D1</subfield>
      <subfield code="x">bibKLT00290508</subfield>
    </datafield>
  </record>