
  <record>
    <leader>00625nama 22001931i 4500</leader>
    <controlfield tag="001">MOKKAS0000589046  </controlfield>
    <controlfield tag="005">20060118004600.0</controlfield>
    <controlfield tag="008">041001s1973    hu            000 0 hunod</controlfield>
    <datafield tag="035" ind1=" " ind2=" ">
      <subfield code="a">1347855</subfield>
    </datafield>
    <datafield tag="040" ind1=" " ind2=" ">
      <subfield code="a">OSZK</subfield>
    </datafield>
    <datafield tag="041" ind1="0" ind2=" ">
      <subfield code="a">hunhun</subfield>
    </datafield>
    <datafield tag="100" ind1="1" ind2=" ">
      <subfield code="a">Falk Alfréd</subfield>
      <subfield code="c">(cédulakatalógus alapján)</subfield>
    </datafield>
    <datafield tag="245" ind1="1" ind2="0">
      <subfield code="a">100 éves a mozdonygyártás /</subfield>
      <subfield code="c">Falk Alfréd, Pál József, Villányi György</subfield>
    </datafield>
    <datafield tag="260" ind1=" " ind2=" ">
      <subfield code="a">[Budapest] :</subfield>
      <subfield code="b">Ganz-Mávag,</subfield>
      <subfield code="c">[1973]</subfield>
      <subfield code="e">([Budapest]</subfield>
      <subfield code="f">[Révai Ny.])</subfield>
    </datafield>
    <datafield tag="300" ind1=" " ind2=" ">
      <subfield code="a">p. 5-62. :</subfield>
      <subfield code="b">ill. ;</subfield>
      <subfield code="c">29 cm</subfield>
    </datafield>
    <datafield tag="580" ind1=" " ind2=" ">
      <subfield code="a">Klny.: Ganz-Mávag Közlemények</subfield>
    </datafield>
    <datafield tag="700" ind1="1" ind2="0">
      <subfield code="a">Villányi György</subfield>
    </datafield>
    <datafield tag="700" ind1="1" ind2="0">
      <subfield code="a">Pál József</subfield>
    </datafield>
    <datafield tag="852" ind1=" " ind2=" ">
      <subfield code="a">B1</subfield>
      <subfield code="b">B1</subfield>
      <subfield code="x">1347855</subfield>
    </datafield>
  </record>