
  <record>
    <leader>00512nama 22001571i 4500</leader>
    <controlfield tag="001">MOKKAS0000580186  </controlfield>
    <controlfield tag="005">20060118001627.0</controlfield>
    <controlfield tag="008">041001s1964    hu            000 0 hunod</controlfield>
    <datafield tag="035" ind1=" " ind2=" ">
      <subfield code="a">1338989</subfield>
    </datafield>
    <datafield tag="040" ind1=" " ind2=" ">
      <subfield code="a">OSZK</subfield>
    </datafield>
    <datafield tag="041" ind1="0" ind2=" ">
      <subfield code="a">hunhun</subfield>
    </datafield>
    <datafield tag="245" ind1="0" ind2="0">
      <subfield code="a">100 éves a Budapesti Bútorgyár : </subfield>
      <subfield code="b">1864-1964 /</subfield>
      <subfield code="c">[szerk. biz. Fóris Zoltán et al.]</subfield>
    </datafield>
    <datafield tag="260" ind1=" " ind2=" ">
      <subfield code="a">[Budapest] :</subfield>
      <subfield code="b">Budapesti Bútorgyár,</subfield>
      <subfield code="c">[1964]</subfield>
      <subfield code="e">([Budapest]</subfield>
      <subfield code="f">Ságvári Ny.)</subfield>
    </datafield>
    <datafield tag="300" ind1=" " ind2=" ">
      <subfield code="a">81 p. :</subfield>
      <subfield code="b">ill. ;</subfield>
      <subfield code="c">29 cm</subfield>
    </datafield>
    <datafield tag="700" ind1="1" ind2=" ">
      <subfield code="a">Fóris Zoltán</subfield>
      <subfield code="4">(szerk.)</subfield>
    </datafield>
    <datafield tag="852" ind1=" " ind2=" ">
      <subfield code="a">B1</subfield>
      <subfield code="b">B1</subfield>
      <subfield code="x">1338989</subfield>
    </datafield>
  </record>