
  <record>
    <leader>01172nam  2200265 i 4500</leader>
    <controlfield tag="001">MOKKAZ0003500223  </controlfield>
    <controlfield tag="005">20040909194335.0</controlfield>
    <controlfield tag="008">981007s1998    hu a     b    00010 hun d</controlfield>
    <datafield tag="020" ind1=" " ind2=" ">
      <subfield code="a">963 7249 15 4</subfield>
    </datafield>
    <datafield tag="035" ind1=" " ind2=" ">
      <subfield code="a">bibKLT00188151</subfield>
    </datafield>
    <datafield tag="040" ind1=" " ind2=" ">
      <subfield code="a">DEENK</subfield>
    </datafield>
    <datafield tag="245" ind1="0" ind2="0">
      <subfield code="a">100 éves a M. Kir. Erdészeti Kísérleti Állomás - a M. Kir. Erdészeti Kutató Intézet - az Erdészeti Tudományos Intézet /</subfield>
      <subfield code="c">[főszerk. Führer Ernő]</subfield>
    </datafield>
    <datafield tag="260" ind1=" " ind2=" ">
      <subfield code="a">Selmecbánya ;</subfield>
      <subfield code="a">Sopron ;</subfield>
      <subfield code="a">Budapest :</subfield>
      <subfield code="b">Erdészeti Tudományos Intézet,</subfield>
      <subfield code="c">1998</subfield>
    </datafield>
    <datafield tag="300" ind1=" " ind2=" ">
      <subfield code="a">92 p. :</subfield>
      <subfield code="b">ill., ill. ;</subfield>
      <subfield code="c">24 cm</subfield>
    </datafield>
    <datafield tag="490" ind1="1" ind2=" ">
      <subfield code="a">(Erdészeti Tudományos Intézet kiadványai,</subfield>
      <subfield code="x">1417-5495 ;</subfield>
      <subfield code="v">7.)</subfield>
    </datafield>
    <datafield tag="504" ind1=" " ind2=" ">
      <subfield code="a">Bibliogr.: p. 92.</subfield>
    </datafield>
    <datafield tag="610" ind1="2" ind2=" ">
      <subfield code="a">Magyar Királyi Erdészeti Kísérleti Állomás (Selmecbánya)</subfield>
    </datafield>
    <datafield tag="610" ind1="2" ind2=" ">
      <subfield code="a">Magyar Királyi Erdészeti Kutató Intézet (Sopron)</subfield>
    </datafield>
    <datafield tag="610" ind1="2" ind2=" ">
      <subfield code="a">Erdészeti Tudományos Intézet (Budapest, Sopron)</subfield>
    </datafield>
    <datafield tag="650" ind1=" " ind2="4">
      <subfield code="a">Erdők és erdészet</subfield>
      <subfield code="z">Magyarország</subfield>
      <subfield code="x">kutatás</subfield>
    </datafield>
    <datafield tag="650" ind1=" " ind2="0">
      <subfield code="a">Forests and forestry</subfield>
      <subfield code="z">Hungary</subfield>
      <subfield code="x">Research.</subfield>
    </datafield>
    <datafield tag="700" ind1="1" ind2=" ">
      <subfield code="a">Führer Ernő</subfield>
    </datafield>
    <datafield tag="710" ind1="2" ind2=" ">
      <subfield code="a">Erdészeti Tudományos Intézet (Budapest)</subfield>
    </datafield>
    <datafield tag="830" ind1=" " ind2="0">
      <subfield code="a">Erdészeti Tudományos Intézet kiadványai</subfield>
    </datafield>
    <datafield tag="852" ind1=" " ind2=" ">
      <subfield code="a">D1</subfield>
      <subfield code="b">D1</subfield>
      <subfield code="x">bibKLT00188151</subfield>
    </datafield>
  </record>