
  <record>
    <leader>00994fam  2200229 ir4500</leader>
    <controlfield tag="001">MOKKAZ0006365671  </controlfield>
    <controlfield tag="005">20040915194713.0</controlfield>
    <controlfield tag="008">980714s1998    hu ao    b    000 0 hun d</controlfield>
    <datafield tag="020" ind1=" " ind2=" ">
      <subfield code="a">963-7349-15-4 (fűzött)</subfield>
    </datafield>
    <datafield tag="035" ind1=" " ind2=" ">
      <subfield code="a">302744</subfield>
    </datafield>
    <datafield tag="040" ind1=" " ind2=" ">
      <subfield code="a">OSZK</subfield>
    </datafield>
    <datafield tag="041" ind1="0" ind2=" ">
      <subfield code="a">hunhun</subfield>
    </datafield>
    <datafield tag="245" ind1="0" ind2="0">
      <subfield code="a">100 éves a M. Kir. Erdészeti Kísérleti Állomás - a M. Kir. Erdészeti Kutató Intézet - az Erdészeti Tudományos Intézet : </subfield>
      <subfield code="b">Selmecbánya - Sopron - Budapest, 1898-1998 /</subfield>
      <subfield code="c">[főszerk. Führer Ernő] ; [szerkbiz. Borovics Attila et al.]</subfield>
    </datafield>
    <datafield tag="260" ind1=" " ind2=" ">
      <subfield code="a">[Budapest] :</subfield>
      <subfield code="b">Erti,</subfield>
      <subfield code="c">1998</subfield>
      <subfield code="e">([Budapest]</subfield>
      <subfield code="f">OMMI soksz.)</subfield>
    </datafield>
    <datafield tag="300" ind1=" " ind2=" ">
      <subfield code="a">92 p. :</subfield>
      <subfield code="b">ill., főként színes ;</subfield>
      <subfield code="c">24 cm</subfield>
    </datafield>
    <datafield tag="490" ind1="1" ind2=" ">
      <subfield code="a">Erdészeti Tudományos Intézet kiadványai</subfield>
      <subfield code="x">1417-5495</subfield>
      <subfield code="v">7.</subfield>
    </datafield>
    <datafield tag="500" ind1=" " ind2=" ">
      <subfield code="a">Példányszám: 800</subfield>
    </datafield>
    <datafield tag="610" ind1="2" ind2="4">
      <subfield code="a">Erdészeti Tudományos Intézet (Budapest)</subfield>
    </datafield>
    <datafield tag="700" ind1="1" ind2=" ">
      <subfield code="a">Führer Ernő</subfield>
      <subfield code="d">(1953-)</subfield>
      <subfield code="4">(szerk.)</subfield>
    </datafield>
    <datafield tag="700" ind1="1" ind2=" ">
      <subfield code="a">Borovics Attila</subfield>
      <subfield code="d">(1971-)</subfield>
      <subfield code="4">(szerk.)</subfield>
    </datafield>
    <datafield tag="830" ind1=" " ind2="0">
      <subfield code="a">Erdészeti Tudományos Intézet kiadványai</subfield>
    </datafield>
    <datafield tag="852" ind1=" " ind2=" ">
      <subfield code="a">B1</subfield>
      <subfield code="b">B1</subfield>
      <subfield code="x">302744</subfield>
    </datafield>
  </record>