
  <record>
    <leader>00731cam  2200205 i 4500</leader>
    <controlfield tag="001">MOKKAS0001973161  </controlfield>
    <controlfield tag="005">20090620013755.0</controlfield>
    <controlfield tag="008">041231s1969    hu co  f      000 0dhun d</controlfield>
    <datafield tag="035" ind1=" " ind2=" ">
      <subfield code="a">244400</subfield>
    </datafield>
    <datafield tag="040" ind1=" " ind2=" ">
      <subfield code="a">ELTE</subfield>
    </datafield>
    <datafield tag="041" ind1="0" ind2=" ">
      <subfield code="a">hun</subfield>
    </datafield>
    <datafield tag="245" ind1="0" ind2="0">
      <subfield code="a">100 éves a Magyar Földtani intézet</subfield>
      <subfield code="c">/ szerkesztette Fülöp József és Tasnádi Kubacska András</subfield>
    </datafield>
    <datafield tag="260" ind1=" " ind2=" ">
      <subfield code="a">Bp. :</subfield>
      <subfield code="b">Műszaki K.,</subfield>
      <subfield code="c">1969</subfield>
    </datafield>
    <datafield tag="300" ind1=" " ind2=" ">
      <subfield code="a">274 p. :</subfield>
      <subfield code="b">foto ill. ;</subfield>
      <subfield code="c">23 cm</subfield>
    </datafield>
    <datafield tag="610" ind1="2" ind2="4">
      <subfield code="2">ar</subfield>
      <subfield code="a">Magyar Állami Földtani Intézet (Budapest)</subfield>
      <subfield code="d">(1868-1968)</subfield>
    </datafield>
    <datafield tag="653" ind1=" " ind2=" ">
      <subfield code="a">földtani kutatások, kutatóintézet tört. Magyarországon 19. sz.-tól</subfield>
    </datafield>
    <datafield tag="700" ind1="1" ind2=" ">
      <subfield code="a">Fülöp József</subfield>
    </datafield>
    <datafield tag="700" ind1="1" ind2=" ">
      <subfield code="a">Tasnádi Kubacska András</subfield>
      <subfield code="d">(1902-1977)</subfield>
    </datafield>
    <datafield tag="852" ind1=" " ind2=" ">
      <subfield code="a">B2</subfield>
      <subfield code="b">B2</subfield>
      <subfield code="x">244400</subfield>
    </datafield>
    <datafield tag="852" ind1=" " ind2=" ">
      <subfield code="a">B8</subfield>
      <subfield code="b">B8</subfield>
      <subfield code="x">OGYK000149722</subfield>
    </datafield>
  </record>