
  <record>
    <leader>00491cam  22001457  4500</leader>
    <controlfield tag="001">MOKKAZ0004384898  </controlfield>
    <controlfield tag="005">20040910064552.0</controlfield>
    <controlfield tag="008">      s1969                        und d</controlfield>
    <datafield tag="035" ind1=" " ind2=" ">
      <subfield code="a">bibFSZ00230947</subfield>
    </datafield>
    <datafield tag="040" ind1=" " ind2=" ">
      <subfield code="a">FSZEK</subfield>
    </datafield>
    <datafield tag="245" ind1="0" ind2="0">
      <subfield code="a">100 éves a Magyar Állami Földtani Intézet /</subfield>
      <subfield code="c">szerk. Fülöp József, Tasnádi Kubacska András</subfield>
    </datafield>
    <datafield tag="260" ind1=" " ind2=" ">
      <subfield code="a">[S.l.] :</subfield>
      <subfield code="b">[S.n.],</subfield>
      <subfield code="c">1969</subfield>
    </datafield>
    <datafield tag="700" ind1="1" ind2=" ">
      <subfield code="a">Fülöp József</subfield>
      <subfield code="4">szerk.</subfield>
    </datafield>
    <datafield tag="700" ind1="2" ind2=" ">
      <subfield code="a">Tasnádi Kubacska András</subfield>
      <subfield code="d">(1902-1977)</subfield>
    </datafield>
    <datafield tag="852" ind1=" " ind2=" ">
      <subfield code="a">B10</subfield>
      <subfield code="B">0801</subfield>
      <subfield code="b">0801B</subfield>
      <subfield code="x">bibFSZ00230947</subfield>
    </datafield>
  </record>