
  <record>
    <leader>00962fam  2200229 ir4500</leader>
    <controlfield tag="001">MOKKAZ0006237301  </controlfield>
    <controlfield tag="005">20040915182540.0</controlfield>
    <controlfield tag="008">940509t19851985hu a          100 0 hun d</controlfield>
    <datafield tag="020" ind1=" " ind2=" ">
      <subfield code="a">963-02-3957-4 (fűzött)</subfield>
    </datafield>
    <datafield tag="020" ind1=" " ind2=" ">
      <subfield code="a">963-8141-48-4</subfield>
    </datafield>
    <datafield tag="035" ind1=" " ind2=" ">
      <subfield code="a">538603</subfield>
    </datafield>
    <datafield tag="040" ind1=" " ind2=" ">
      <subfield code="a">OSZK</subfield>
    </datafield>
    <datafield tag="041" ind1="0" ind2=" ">
      <subfield code="a">hunhun</subfield>
    </datafield>
    <datafield tag="245" ind1="1" ind2="0">
      <subfield code="a">100 éves a transzformátorgyártás : </subfield>
      <subfield code="b">Jubileumi tudományos konferencia előadásainak szöveges gyűjteménye : Budapest, 1985. június 18-21. /</subfield>
      <subfield code="c">[rend., közr. a Ganz Villamossági Művek, Magyar Elektrotechnikai Egyesület]</subfield>
    </datafield>
    <datafield tag="260" ind1=" " ind2=" ">
      <subfield code="a">[Budapest] :</subfield>
      <subfield code="b">Ganz Villamossági Művek :</subfield>
      <subfield code="b">MEE,</subfield>
      <subfield code="c">[1985]</subfield>
      <subfield code="e">([Budapest]</subfield>
      <subfield code="f">Cooprint)</subfield>
    </datafield>
    <datafield tag="300" ind1=" " ind2=" ">
      <subfield code="a">516 p. :</subfield>
      <subfield code="b">ill. ;</subfield>
      <subfield code="c">29 cm</subfield>
    </datafield>
    <datafield tag="650" ind1="0" ind2="4">
      <subfield code="a">transzformátorok</subfield>
      <subfield code="x">konferencia</subfield>
    </datafield>
    <datafield tag="650" ind1="0" ind2="4">
      <subfield code="a">transzformátorgyártás</subfield>
      <subfield code="x">konferencia</subfield>
    </datafield>
    <datafield tag="710" ind1="2" ind2=" ">
      <subfield code="a">Ganz Villamossági Művek (Budapest)</subfield>
      <subfield code="4">rend., közread.</subfield>
    </datafield>
    <datafield tag="710" ind1="2" ind2=" ">
      <subfield code="a">Magyar Elektrotechnikai Egyesület</subfield>
      <subfield code="4">rend., közread.</subfield>
    </datafield>
    <datafield tag="852" ind1=" " ind2=" ">
      <subfield code="a">B1</subfield>
      <subfield code="b">B1</subfield>
      <subfield code="x">538603</subfield>
    </datafield>
    <datafield tag="852" ind1=" " ind2=" ">
      <subfield code="a">M1</subfield>
      <subfield code="b">M1</subfield>
      <subfield code="x">181293</subfield>
    </datafield>
  </record>