
  <record>
    <leader>01221nam  2200253 i 4500</leader>
    <controlfield tag="001">MOKKAN0004869679  </controlfield>
    <controlfield tag="005">20080312160635.0</controlfield>
    <controlfield tag="008">990828s1985                  100 0 hun d</controlfield>
    <datafield tag="035" ind1=" " ind2=" ">
      <subfield code="a">BMEOMIKK000021075</subfield>
    </datafield>
    <datafield tag="040" ind1=" " ind2=" ">
      <subfield code="a">BMEOMIKK</subfield>
    </datafield>
    <datafield tag="041" ind1="0" ind2=" ">
      <subfield code="a">hun</subfield>
    </datafield>
    <datafield tag="245" ind1="0" ind2="0">
      <subfield code="a">100 éves a transzformátorgyártás : </subfield>
      <subfield code="b">Jubileumi tudományos konferencia előadásainak szöveges gyűjteménye, Budapest, 1985. junius 18-21 /</subfield>
      <subfield code="c">[rend., közr. a Ganz Villamossági Művek, Magyar Elektrotechnikai Egyesület]</subfield>
    </datafield>
    <datafield tag="246" ind1="1" ind2="3">
      <subfield code="a">Jubileumi tudományos konferencia előadásainak szöveges gyűjteménye, Budapest, 1985. junius 18-21</subfield>
    </datafield>
    <datafield tag="260" ind1=" " ind2=" ">
      <subfield code="a">[Budapest] :</subfield>
      <subfield code="b">Ganz [etc.],</subfield>
      <subfield code="c">[1985]</subfield>
    </datafield>
    <datafield tag="300" ind1=" " ind2=" ">
      <subfield code="a">519 p. ;</subfield>
      <subfield code="c">29 cm +</subfield>
      <subfield code="e">1 mell. (80 p.</subfield>
    </datafield>
    <datafield tag="500" ind1=" " ind2=" ">
      <subfield code="a">A mell. alcíme: Jubileumi tudományos konferencia hozzászólásainak szöveges gyűjteménye</subfield>
    </datafield>
    <datafield tag="504" ind1=" " ind2=" ">
      <subfield code="a">Bibliogr. az egyes tanulmányok végén</subfield>
    </datafield>
    <datafield tag="650" ind1="0" ind2="4">
      <subfield code="a">transzformátorok</subfield>
      <subfield code="x">konferencia</subfield>
    </datafield>
    <datafield tag="650" ind1="0" ind2="4">
      <subfield code="a">transzformátorgyártás</subfield>
      <subfield code="x">konferencia</subfield>
    </datafield>
    <datafield tag="710" ind1="2" ind2=" ">
      <subfield code="a">Ganz Villamossági Művek</subfield>
    </datafield>
    <datafield tag="710" ind1="2" ind2=" ">
      <subfield code="a">Magyar Elektrotechnikai Egyesület</subfield>
    </datafield>
    <datafield tag="711" ind1="2" ind2="0">
      <subfield code="a">100 éves a transzformátorgyártás</subfield>
      <subfield code="e">Jubileumi tudományos konferencia</subfield>
      <subfield code="d">1985</subfield>
      <subfield code="c">Budapest</subfield>
    </datafield>
    <datafield tag="852" ind1=" " ind2=" ">
      <subfield code="a">B11</subfield>
      <subfield code="b">B11</subfield>
      <subfield code="x">BMEOMIKK000021075</subfield>
    </datafield>
    <datafield tag="852" ind1=" " ind2=" ">
      <subfield code="a">M1</subfield>
      <subfield code="b">M1</subfield>
      <subfield code="x">181293</subfield>
    </datafield>
  </record>