
  <record>
    <leader>00782aam  2200205   4500</leader>
    <controlfield tag="001">MOKKAZ0003877588  </controlfield>
    <controlfield tag="005">20040910005617.0</controlfield>
    <controlfield tag="008">840223 1981    hu                  hun  </controlfield>
    <datafield tag="020" ind1=" " ind2=" ">
      <subfield code="a">963 01 3425</subfield>
    </datafield>
    <datafield tag="035" ind1=" " ind2=" ">
      <subfield code="a">bibJAT00103906</subfield>
    </datafield>
    <datafield tag="040" ind1=" " ind2=" ">
      <subfield code="a">SZTE</subfield>
    </datafield>
    <datafield tag="245" ind1="0" ind2="0">
      <subfield code="a">100 éves a Vöröskereszt : dokumentumok a szervezet Hajdú-Bihar megyei történetéből /</subfield>
      <subfield code="c">szerk. Gazdag István</subfield>
    </datafield>
    <datafield tag="260" ind1=" " ind2=" ">
      <subfield code="a">Debrecen,</subfield>
      <subfield code="c">1981</subfield>
    </datafield>
    <datafield tag="300" ind1=" " ind2=" ">
      <subfield code="a">67 p. ;</subfield>
      <subfield code="c">24 cm</subfield>
    </datafield>
    <datafield tag="490" ind1="1" ind2=" ">
      <subfield code="a">(A Hajdú-Bihar Megyei Levéltár közleményei ;</subfield>
      <subfield code="v">16.)</subfield>
    </datafield>
    <datafield tag="650" ind1=" " ind2="7">
      <subfield code="a">Vöröskereszt</subfield>
      <subfield code="x">Hajdu-Bihar m.</subfield>
      <subfield code="y">1881-1981</subfield>
      <subfield code="x">forrás</subfield>
      <subfield code="2">szte</subfield>
    </datafield>
    <datafield tag="650" ind1=" " ind2="7">
      <subfield code="a">Hajdu-Bihar megye</subfield>
      <subfield code="x">Vöröskereszt története</subfield>
      <subfield code="y">1881-1981</subfield>
      <subfield code="x">forrás</subfield>
      <subfield code="2">szte</subfield>
    </datafield>
    <datafield tag="700" ind1="1" ind2=" ">
      <subfield code="a">Gazdag István</subfield>
    </datafield>
    <datafield tag="830" ind1=" " ind2="2">
      <subfield code="a">A Hajdú-Bihar Megyei Levéltár közleményei</subfield>
    </datafield>
    <datafield tag="852" ind1=" " ind2=" ">
      <subfield code="a">SZ1</subfield>
      <subfield code="b">SZ1</subfield>
      <subfield code="x">bibJAT00103906</subfield>
    </datafield>
  </record>