
  <record>
    <leader>01355aam  2200349 ir4500</leader>
    <controlfield tag="001">MOKKAZ0006231251  </controlfield>
    <controlfield tag="005">20090620121830.0</controlfield>
    <controlfield tag="008">940509t19811981hu            000 0 hun d</controlfield>
    <datafield tag="020" ind1=" " ind2=" ">
      <subfield code="a">963-01-3425-X (fűzött)</subfield>
    </datafield>
    <datafield tag="020" ind1=" " ind2=" ">
      <subfield code="z">963 01 3425</subfield>
    </datafield>
    <datafield tag="035" ind1=" " ind2=" ">
      <subfield code="a">514342</subfield>
    </datafield>
    <datafield tag="040" ind1=" " ind2=" ">
      <subfield code="a">OSZK</subfield>
    </datafield>
    <datafield tag="041" ind1="0" ind2=" ">
      <subfield code="a">hunhun</subfield>
    </datafield>
    <datafield tag="245" ind1="1" ind2="0">
      <subfield code="a">100 éves a Vöröskereszt : </subfield>
      <subfield code="b">Dokumentumok a szervezet Hajdú-Bihar megyei történetéből /</subfield>
      <subfield code="c">szerk. Gazdag István</subfield>
    </datafield>
    <datafield tag="260" ind1=" " ind2=" ">
      <subfield code="a">Debrecen :</subfield>
      <subfield code="b">Hajdú-Bihar m. Lvt.,</subfield>
      <subfield code="c">1981</subfield>
      <subfield code="e">(Debrecen</subfield>
      <subfield code="f">Mozi Ny.)</subfield>
    </datafield>
    <datafield tag="300" ind1=" " ind2=" ">
      <subfield code="a">67 p. ;</subfield>
      <subfield code="c">24 cm</subfield>
    </datafield>
    <datafield tag="490" ind1="1" ind2=" ">
      <subfield code="a">A Hajdú-Bihar Megyei Levéltár közleményei</subfield>
      <subfield code="x">0133-8676</subfield>
      <subfield code="v">16.</subfield>
    </datafield>
    <datafield tag="500" ind1=" " ind2=" ">
      <subfield code="a">500</subfield>
    </datafield>
    <datafield tag="610" ind1="2" ind2="4">
      <subfield code="a">Magyar Vöröskereszt</subfield>
    </datafield>
    <datafield tag="650" ind1=" " ind2="4">
      <subfield code="a">Vöröskereszt és vörösfélhold</subfield>
      <subfield code="z">magyarország</subfield>
      <subfield code="z">Hajdú-Bihar megye</subfield>
      <subfield code="x">történet</subfield>
    </datafield>
    <datafield tag="650" ind1=" " ind2="0">
      <subfield code="a">Red Cross and Red Crescent</subfield>
      <subfield code="z">Hungary</subfield>
      <subfield code="z">Hajdú-Bihar Megye</subfield>
      <subfield code="x">History.</subfield>
    </datafield>
    <datafield tag="653" ind1=" " ind2=" ">
      <subfield code="a">Vöröskereszt hazai története, Hajdú-Bihar megye története</subfield>
    </datafield>
    <datafield tag="700" ind1="1" ind2=" ">
      <subfield code="a">Gazdag István</subfield>
      <subfield code="d">(1928-)</subfield>
      <subfield code="4">(szerk.)</subfield>
    </datafield>
    <datafield tag="700" ind1="1" ind2="3">
      <subfield code="a">Kormos Miklós</subfield>
      <subfield code="4">(közrem.)</subfield>
    </datafield>
    <datafield tag="700" ind1="1" ind2="3">
      <subfield code="a">Mervó Zoltánné</subfield>
      <subfield code="4">(közrem.)</subfield>
    </datafield>
    <datafield tag="700" ind1="1" ind2="3">
      <subfield code="a">Pásti Judit</subfield>
      <subfield code="4">(közrem.)</subfield>
    </datafield>
    <datafield tag="700" ind1="1" ind2="3">
      <subfield code="a">Virágos Márta</subfield>
      <subfield code="4">(közrem.)</subfield>
    </datafield>
    <datafield tag="830" ind1=" " ind2="2">
      <subfield code="a">A Hajdú-Bihar Megyei Levéltár közleményei</subfield>
    </datafield>
    <datafield tag="852" ind1=" " ind2=" ">
      <subfield code="a">B1</subfield>
      <subfield code="b">B1</subfield>
      <subfield code="x">514342</subfield>
    </datafield>
    <datafield tag="852" ind1=" " ind2=" ">
      <subfield code="a">B10</subfield>
      <subfield code="b">0801</subfield>
      <subfield code="x">bibFSZ00202015</subfield>
    </datafield>
    <datafield tag="852" ind1=" " ind2=" ">
      <subfield code="a">D1</subfield>
      <subfield code="b">D2/PO</subfield>
      <subfield code="x">963 01 3425 X</subfield>
    </datafield>
    <datafield tag="852" ind1=" " ind2=" ">
      <subfield code="a">B8</subfield>
      <subfield code="b">B8</subfield>
      <subfield code="x">OGYK000173136</subfield>
    </datafield>
  </record>