
  <record>
    <leader>00730cam  2200217 a 4500</leader>
    <controlfield tag="001">MOKKAZ0005369409  </controlfield>
    <controlfield tag="005">20040910174342.0</controlfield>
    <controlfield tag="008">980424c        hu            00010 hun d</controlfield>
    <datafield tag="020" ind1=" " ind2=" ">
      <subfield code="a">963-01-3425</subfield>
    </datafield>
    <datafield tag="035" ind1=" " ind2=" ">
      <subfield code="a">15314</subfield>
    </datafield>
    <datafield tag="040" ind1=" " ind2=" ">
      <subfield code="a">SEKK</subfield>
    </datafield>
    <datafield tag="041" ind1="0" ind2=" ">
      <subfield code="a">hun</subfield>
    </datafield>
    <datafield tag="245" ind1="1" ind2="0">
      <subfield code="a">100 éves a vöröskereszt</subfield>
      <subfield code="b">Dokumentumok a szervezet Hajdú- Bihar megyei történetéből /</subfield>
      <subfield code="c">szerk. Gazdag István</subfield>
    </datafield>
    <datafield tag="260" ind1="0" ind2="0">
      <subfield code="a">Debrecen :</subfield>
      <subfield code="b">Mozi Nyomda,</subfield>
      <subfield code="c">1981.</subfield>
    </datafield>
    <datafield tag="300" ind1=" " ind2=" ">
      <subfield code="a">67 p. ;</subfield>
      <subfield code="c">24 cm.</subfield>
    </datafield>
    <datafield tag="490" ind1="1" ind2="0">
      <subfield code="a">(A Hajdú-Bihar megyei levéltár közleményei,</subfield>
      <subfield code="x">0133-8676 ;</subfield>
      <subfield code="v">16.)</subfield>
    </datafield>
    <datafield tag="650" ind1="1" ind2="4">
      <subfield code="a">Red Cross</subfield>
      <subfield code="x">History</subfield>
    </datafield>
    <datafield tag="650" ind1="1" ind2="4">
      <subfield code="a">Vöröskereszt</subfield>
      <subfield code="x">Történet</subfield>
    </datafield>
    <datafield tag="700" ind1="1" ind2="0">
      <subfield code="a">Gazdag István</subfield>
    </datafield>
    <datafield tag="830" ind1=" " ind2="0">
      <subfield code="a">A Hajdú-Bihar megyei levéltár közleményei</subfield>
    </datafield>
    <datafield tag="852" ind1=" " ind2=" ">
      <subfield code="a">B13</subfield>
      <subfield code="b">B13</subfield>
      <subfield code="x">15314</subfield>
    </datafield>
  </record>