
  <record>
    <leader>00881nam  2200229 i 4500</leader>
    <controlfield tag="001">MOKKAS0001348615  </controlfield>
    <controlfield tag="005">20060113001852.0</controlfield>
    <controlfield tag="008">      s1990    hu            00010 hun d</controlfield>
    <datafield tag="020" ind1=" " ind2=" ">
      <subfield code="a">963-02-8974-1 (fűzött)</subfield>
    </datafield>
    <datafield tag="035" ind1=" " ind2=" ">
      <subfield code="a">bibRFK00056993</subfield>
    </datafield>
    <datafield tag="040" ind1=" " ind2=" ">
      <subfield code="a">RFMK</subfield>
    </datafield>
    <datafield tag="041" ind1=" " ind2=" ">
      <subfield code="a">hun</subfield>
    </datafield>
    <datafield tag="245" ind1="0" ind2="0">
      <subfield code="a">100 éves a MÁV Debreceni Igazgatósága :</subfield>
      <subfield code="b">1890-1990 /</subfield>
      <subfield code="c">[szerk. Gazdag István] ; [... szerzői Bényei Miklós et al.] ; [a grafikát kész. Botrágyi Károly]</subfield>
    </datafield>
    <datafield tag="260" ind1=" " ind2=" ">
      <subfield code="a">Debrecen :</subfield>
      <subfield code="b">Magyar Államvasútak. Debreceni Igazgatóság,</subfield>
      <subfield code="c">1990 [!1991]</subfield>
    </datafield>
    <datafield tag="300" ind1=" " ind2=" ">
      <subfield code="a">181 p. :</subfield>
      <subfield code="b">ill. ;</subfield>
      <subfield code="c">24 cm +</subfield>
      <subfield code="e">5 térk. mell.</subfield>
    </datafield>
    <datafield tag="500" ind1=" " ind2=" ">
      <subfield code="a">r</subfield>
    </datafield>
    <datafield tag="610" ind1="2" ind2=" ">
      <subfield code="a">Magyar Államvasútak.</subfield>
      <subfield code="b">Debreceni Igazgatóság</subfield>
    </datafield>
    <datafield tag="650" ind1=" " ind2="4">
      <subfield code="a">vasúttörténet</subfield>
    </datafield>
    <datafield tag="650" ind1=" " ind2="4">
      <subfield code="a">1890-1990</subfield>
    </datafield>
    <datafield tag="700" ind1="1" ind2=" ">
      <subfield code="a">Gazdag István</subfield>
      <subfield code="d">(1928)</subfield>
      <subfield code="4">szerk.</subfield>
    </datafield>
    <datafield tag="710" ind1="2" ind2=" ">
      <subfield code="a">Magyar Államvasútak.</subfield>
      <subfield code="b">Debreceni Igazgatóság</subfield>
      <subfield code="4">közread.</subfield>
    </datafield>
    <datafield tag="852" ind1=" " ind2=" ">
      <subfield code="a">M2</subfield>
      <subfield code="b">M2</subfield>
      <subfield code="x">bibRFK00056993</subfield>
    </datafield>
  </record>