
  <record>
    <leader>00893fam  2200241 i 4500</leader>
    <controlfield tag="001">MOKKAZ0006240245  </controlfield>
    <controlfield tag="005">20040915182709.0</controlfield>
    <controlfield tag="008">940509t19911991hu ac    bj   000 0 hun d</controlfield>
    <datafield tag="020" ind1=" " ind2=" ">
      <subfield code="a">963-02-8974-1 (fűzött)</subfield>
    </datafield>
    <datafield tag="035" ind1=" " ind2=" ">
      <subfield code="a">548355</subfield>
    </datafield>
    <datafield tag="040" ind1=" " ind2=" ">
      <subfield code="a">OSZK</subfield>
    </datafield>
    <datafield tag="041" ind1="0" ind2=" ">
      <subfield code="a">hunhun</subfield>
    </datafield>
    <datafield tag="245" ind1="1" ind2="0">
      <subfield code="a">100 éves a MÁV Debreceni Igazgatósága : </subfield>
      <subfield code="b">1890-1990 /</subfield>
      <subfield code="c">[szerk. Gazdag István]</subfield>
    </datafield>
    <datafield tag="260" ind1=" " ind2=" ">
      <subfield code="a">Debrecen :</subfield>
      <subfield code="b">MÁV Debreceni Ig.,</subfield>
      <subfield code="c">1990 [!1991]</subfield>
      <subfield code="e">([Debrecen]</subfield>
      <subfield code="f">Kinizsi)</subfield>
    </datafield>
    <datafield tag="300" ind1=" " ind2=" ">
      <subfield code="a">181 p. :</subfield>
      <subfield code="b">ill. ;</subfield>
      <subfield code="c">24 cm +</subfield>
      <subfield code="e">mell. (5 térk.</subfield>
    </datafield>
    <datafield tag="504" ind1=" " ind2=" ">
      <subfield code="a">Bibliogr. a jegyzetekben és p. 165-167.</subfield>
    </datafield>
    <datafield tag="610" ind1="2" ind2="4">
      <subfield code="a">Magyar Államvasútak</subfield>
      <subfield code="a">Debreceni Igazgatóság</subfield>
    </datafield>
    <datafield tag="650" ind1="0" ind2="4">
      <subfield code="a">vasúttörténet</subfield>
      <subfield code="y">1890-1990</subfield>
      <subfield code="x">tanulmányok</subfield>
    </datafield>
    <datafield tag="700" ind1="1" ind2=" ">
      <subfield code="a">Gazdag István</subfield>
      <subfield code="d">(1928-)</subfield>
      <subfield code="4">(szerk.)</subfield>
    </datafield>
    <datafield tag="710" ind1="2" ind2=" ">
      <subfield code="a">Magyar Államvasútak</subfield>
      <subfield code="a">Debreceni Igazgatóság</subfield>
      <subfield code="4">közread.</subfield>
    </datafield>
    <datafield tag="852" ind1=" " ind2=" ">
      <subfield code="a">B1</subfield>
      <subfield code="b">B1</subfield>
      <subfield code="x">548355</subfield>
    </datafield>
    <datafield tag="852" ind1=" " ind2=" ">
      <subfield code="a">D1</subfield>
      <subfield code="b">D1</subfield>
      <subfield code="x">ISISFEF0009351</subfield>
    </datafield>
    <datafield tag="852" ind1=" " ind2=" ">
      <subfield code="a">M1</subfield>
      <subfield code="b">M1</subfield>
      <subfield code="x">122408</subfield>
    </datafield>
  </record>