
  <record>
    <leader>00975cam  22002051  4500</leader>
    <controlfield tag="001">MOKKAZ0004256928  </controlfield>
    <controlfield tag="005">20040910054058.0</controlfield>
    <controlfield tag="008">      s1996                        hun d</controlfield>
    <datafield tag="020" ind1=" " ind2=" ">
      <subfield code="a">963-04-7373-9* (fűzött)</subfield>
    </datafield>
    <datafield tag="035" ind1=" " ind2=" ">
      <subfield code="a">bibFSZ00102499</subfield>
    </datafield>
    <datafield tag="040" ind1=" " ind2=" ">
      <subfield code="a">FSZEK</subfield>
    </datafield>
    <datafield tag="245" ind1="0" ind2="0">
      <subfield code="a">100 éves a Svetits, 1896-1996 /</subfield>
      <subfield code="c">[szerk. Géczy M. Erzsébet] ; [fotó: Lépes M. Katalin] ; [kiad. a ... Svetits Katolikus Elemi Iskola és Gimnázium]</subfield>
    </datafield>
    <datafield tag="260" ind1=" " ind2=" ">
      <subfield code="a">Debrecen :</subfield>
      <subfield code="b">Svetits Katolikus Elemi Iskola és Gimnázium,</subfield>
      <subfield code="c">[1996]</subfield>
    </datafield>
    <datafield tag="300" ind1=" " ind2=" ">
      <subfield code="a">35 p. :</subfield>
      <subfield code="b">ill. ;</subfield>
      <subfield code="c">23 cm</subfield>
    </datafield>
    <datafield tag="610" ind1="2" ind2=" ">
      <subfield code="a">Svetits Katolikus Elemi Iskola és Gimnázium (Debrecen)</subfield>
    </datafield>
    <datafield tag="680" ind1=" " ind2="0">
      <subfield code="a">felekezeti oktatásügy</subfield>
      <subfield code="a">egyházi oktatásügy</subfield>
      <subfield code="a">oktatásügy, egyházi</subfield>
      <subfield code="a">Magyarország települései</subfield>
      <subfield code="x">Debrecen</subfield>
      <subfield code="a">történeti tárgyalásmód</subfield>
      <subfield code="y">1896-1996</subfield>
    </datafield>
    <datafield tag="700" ind1="1" ind2=" ">
      <subfield code="a">Géczy M. Erzsébet</subfield>
      <subfield code="4">szerk.</subfield>
    </datafield>
    <datafield tag="700" ind1="1" ind2=" ">
      <subfield code="a">Lépes M. Katalin</subfield>
      <subfield code="4">fotó</subfield>
    </datafield>
    <datafield tag="710" ind1="2" ind2=" ">
      <subfield code="a">Svetits Katolikus Elemi Iskola és Gimnázium (Debrecen)</subfield>
      <subfield code="4">közread.</subfield>
    </datafield>
    <datafield tag="852" ind1=" " ind2=" ">
      <subfield code="a">B10</subfield>
      <subfield code="b">B10</subfield>
      <subfield code="x">bibFSZ00102499</subfield>
    </datafield>
  </record>