
  <record>
    <leader>01227fam  2200301 i 4500</leader>
    <controlfield tag="001">MOKKAZ0006394977  </controlfield>
    <controlfield tag="005">20040915200334.0</controlfield>
    <controlfield tag="008">000829s2000    hu aro        000 0 hun d</controlfield>
    <datafield tag="020" ind1=" " ind2=" ">
      <subfield code="a">963-00-4057-3 (kötött)</subfield>
    </datafield>
    <datafield tag="035" ind1=" " ind2=" ">
      <subfield code="a">443020</subfield>
    </datafield>
    <datafield tag="040" ind1=" " ind2=" ">
      <subfield code="a">OSZK</subfield>
    </datafield>
    <datafield tag="100" ind1="1" ind2=" ">
      <subfield code="a">Halbritter Mátyás</subfield>
    </datafield>
    <datafield tag="245" ind1="1" ind2="0">
      <subfield code="a">100 éves a győri kekszgyártás, 1900-2000 /</subfield>
      <subfield code="c">[írta és szerk. Halbritter Mátyás, Andorka Zsolt] ; [fotó Andorka Zsolt et al.].</subfield>
    </datafield>
    <datafield tag="260" ind1=" " ind2=" ">
      <subfield code="a">Győr :</subfield>
      <subfield code="b">[Győri Keksz Kft.],</subfield>
      <subfield code="c">2000</subfield>
      <subfield code="e">(Győr</subfield>
      <subfield code="f">Széchenyi)</subfield>
    </datafield>
    <datafield tag="300" ind1=" " ind2=" ">
      <subfield code="a">57, [2] p. :</subfield>
      <subfield code="b">ill., részben színes ;</subfield>
      <subfield code="c">31 cm</subfield>
    </datafield>
    <datafield tag="500" ind1=" " ind2=" ">
      <subfield code="a">Közread. a Győri Keksz Kft.</subfield>
    </datafield>
    <datafield tag="610" ind1="2" ind2="4">
      <subfield code="a">Győri Keksz Kft.</subfield>
    </datafield>
    <datafield tag="650" ind1=" " ind2="4">
      <subfield code="a">Kekszgyártás</subfield>
      <subfield code="z">Magyarország</subfield>
      <subfield code="z">Győr</subfield>
      <subfield code="x">történet</subfield>
    </datafield>
    <datafield tag="650" ind1=" " ind2="4">
      <subfield code="a">Gyártási folyamatok</subfield>
      <subfield code="x">tervezés és kivitelezés</subfield>
      <subfield code="z">Magyarország</subfield>
      <subfield code="z">Győr</subfield>
    </datafield>
    <datafield tag="650" ind1=" " ind2="0">
      <subfield code="a">Biscuit industry</subfield>
      <subfield code="z">Hungary</subfield>
      <subfield code="z">Győr</subfield>
      <subfield code="x">History.</subfield>
    </datafield>
    <datafield tag="650" ind1=" " ind2="0">
      <subfield code="a">Manufacturing processes</subfield>
      <subfield code="x">Design and construction</subfield>
      <subfield code="z">Hungary</subfield>
      <subfield code="z">Győr</subfield>
    </datafield>
    <datafield tag="650" ind1=" " ind2="0">
      <subfield code="a">Manufacturing process</subfield>
      <subfield code="x">Design and construction</subfield>
      <subfield code="z">Hungary</subfield>
      <subfield code="z">Győr</subfield>
    </datafield>
    <datafield tag="700" ind1="1" ind2="0">
      <subfield code="a">Andorka Zsolt</subfield>
    </datafield>
    <datafield tag="710" ind1="2" ind2=" ">
      <subfield code="a">Győri Keksz Kft</subfield>
      <subfield code="4">közread.</subfield>
    </datafield>
    <datafield tag="852" ind1=" " ind2=" ">
      <subfield code="a">B1</subfield>
      <subfield code="b">B1</subfield>
      <subfield code="x">443020</subfield>
    </datafield>
    <datafield tag="852" ind1=" " ind2=" ">
      <subfield code="a">D1</subfield>
      <subfield code="b">D1</subfield>
      <subfield code="x">bibKLT00276168</subfield>
    </datafield>
    <datafield tag="852" ind1=" " ind2=" ">
      <subfield code="a">B11</subfield>
      <subfield code="b">B11</subfield>
      <subfield code="x">BMEOMIKK000145920</subfield>
    </datafield>
    <datafield tag="852" ind1=" " ind2=" ">
      <subfield code="a">P1</subfield>
      <subfield code="b">P1/TT</subfield>
      <subfield code="x">bibKLT00276168</subfield>
    </datafield>
  </record>