
  <record>
    <leader>00793nama 22001811i 4500</leader>
    <controlfield tag="001">MOKKAS0000562557  </controlfield>
    <controlfield tag="005">20060117231718.0</controlfield>
    <controlfield tag="008">040903s1971    hu            000 0 hunod</controlfield>
    <datafield tag="035" ind1=" " ind2=" ">
      <subfield code="a">1321353</subfield>
    </datafield>
    <datafield tag="040" ind1=" " ind2=" ">
      <subfield code="a">OSZK</subfield>
    </datafield>
    <datafield tag="041" ind1="0" ind2=" ">
      <subfield code="a">hunhun</subfield>
    </datafield>
    <datafield tag="245" ind1="0" ind2="0">
      <subfield code="a">100 éves a Pécsi Porcelángyár : </subfield>
      <subfield code="b">tanulmánykötet /</subfield>
      <subfield code="c">[szerk. Hárs Éva, Mándoki László] ; [kiad. a Pécsi Porcelángyár, Janus Pannonius Múzeum]</subfield>
    </datafield>
    <datafield tag="260" ind1=" " ind2=" ">
      <subfield code="a">Pécs :</subfield>
      <subfield code="b">[Pécsi Porcelángyár] :</subfield>
      <subfield code="b">[Janus Pannonius Múzeum],</subfield>
      <subfield code="c">1971</subfield>
      <subfield code="e">(Pécs</subfield>
      <subfield code="f">Pécsi Szikra Ny.)</subfield>
    </datafield>
    <datafield tag="300" ind1=" " ind2=" ">
      <subfield code="a">190 p., 5 t. ;</subfield>
      <subfield code="c">24 cm</subfield>
    </datafield>
    <datafield tag="500" ind1=" " ind2=" ">
      <subfield code="a">A gyár százéves fennállásának tiszteletére 1968. október 14-16-án, Pécsett rendezett tudományos ülésszak anyaga</subfield>
    </datafield>
    <datafield tag="700" ind1="1" ind2=" ">
      <subfield code="a">Hárs Éva</subfield>
      <subfield code="d">(1928-)</subfield>
      <subfield code="4">(szerk.)</subfield>
    </datafield>
    <datafield tag="700" ind1="1" ind2=" ">
      <subfield code="a">Mándoki László</subfield>
      <subfield code="4">(szerk.)</subfield>
    </datafield>
    <datafield tag="852" ind1=" " ind2=" ">
      <subfield code="a">B1</subfield>
      <subfield code="b">B1</subfield>
      <subfield code="x">1321353</subfield>
    </datafield>
  </record>