
  <record>
    <leader>00895nam  2200241   4500</leader>
    <controlfield tag="001">MOKKAZ0004046937  </controlfield>
    <controlfield tag="005">20040910022317.0</controlfield>
    <controlfield tag="008">990311 1997    hu            00010 hun  </controlfield>
    <datafield tag="035" ind1=" " ind2=" ">
      <subfield code="a">bibJAT00336030</subfield>
    </datafield>
    <datafield tag="040" ind1=" " ind2=" ">
      <subfield code="a">SZTE</subfield>
    </datafield>
    <datafield tag="245" ind1="0" ind2="0">
      <subfield code="a">100 éves a bábaképzés Szombathelyen :</subfield>
      <subfield code="b">A bábaképző és bábaképzés múltja, jelene és a képzés jövője /</subfield>
      <subfield code="c">Szerk. Horváth Boldizsár</subfield>
    </datafield>
    <datafield tag="260" ind1=" " ind2=" ">
      <subfield code="a">Szombathely :</subfield>
      <subfield code="b">Szignatúra Ny.,</subfield>
      <subfield code="c">[1997]</subfield>
    </datafield>
    <datafield tag="300" ind1=" " ind2=" ">
      <subfield code="a">72 p. :</subfield>
      <subfield code="b">ill. ;</subfield>
      <subfield code="c">24 cm</subfield>
    </datafield>
    <datafield tag="504" ind1=" " ind2=" ">
      <subfield code="a">Bibl. a jegyzetekben</subfield>
    </datafield>
    <datafield tag="650" ind1=" " ind2="7">
      <subfield code="a">Szülészet</subfield>
      <subfield code="x">képzés</subfield>
      <subfield code="x">Magyarország</subfield>
      <subfield code="x">története</subfield>
      <subfield code="2">szte</subfield>
    </datafield>
    <datafield tag="650" ind1=" " ind2="7">
      <subfield code="a">Szombathely</subfield>
      <subfield code="x">egészségügy</subfield>
      <subfield code="y">20. sz.</subfield>
      <subfield code="2">szte</subfield>
    </datafield>
    <datafield tag="650" ind1="1" ind2="4">
      <subfield code="a">Évkönyvek</subfield>
      <subfield code="x">Statisztika</subfield>
    </datafield>
    <datafield tag="650" ind1="1" ind2="4">
      <subfield code="a">Almanacs</subfield>
      <subfield code="x">Statistics</subfield>
    </datafield>
    <datafield tag="650" ind1="0" ind2="4">
      <subfield code="a">szülésznőképzés</subfield>
      <subfield code="y">19-20. sz.</subfield>
      <subfield code="z">Szombathely</subfield>
    </datafield>
    <datafield tag="700" ind1="1" ind2=" ">
      <subfield code="a">Horváth Boldizsár</subfield>
    </datafield>
    <datafield tag="852" ind1=" " ind2=" ">
      <subfield code="a">SZ1</subfield>
      <subfield code="b">SZ1</subfield>
      <subfield code="x">bibJAT00336030</subfield>
    </datafield>
    <datafield tag="852" ind1=" " ind2=" ">
      <subfield code="a">B13</subfield>
      <subfield code="b">B13</subfield>
      <subfield code="x">14887</subfield>
    </datafield>
    <datafield tag="852" ind1=" " ind2=" ">
      <subfield code="a">B2</subfield>
      <subfield code="b">B2</subfield>
      <subfield code="x">38938</subfield>
    </datafield>
  </record>