
  <record>
    <leader>00559nam  2200169 i 4500</leader>
    <controlfield tag="001">MOKKAW0005576922  </controlfield>
    <controlfield tag="005">20080415143331.0</controlfield>
    <controlfield tag="008">010129s2000                  000 0 hun d</controlfield>
    <datafield tag="035" ind1=" " ind2=" ">
      <subfield code="a">BMEOMIKK000148447</subfield>
    </datafield>
    <datafield tag="040" ind1=" " ind2=" ">
      <subfield code="a">BMEOMIKK</subfield>
    </datafield>
    <datafield tag="041" ind1="0" ind2=" ">
      <subfield code="a">hun</subfield>
    </datafield>
    <datafield tag="245" ind1="0" ind2="0">
      <subfield code="a">100 éves a Közlekedési Műszergyártó Rt.</subfield>
    </datafield>
    <datafield tag="260" ind1=" " ind2=" ">
      <subfield code="a">Budapest :</subfield>
      <subfield code="b">Közlekedési Műszergyártó Részvénytársaság,</subfield>
      <subfield code="c">2000</subfield>
    </datafield>
    <datafield tag="300" ind1=" " ind2=" ">
      <subfield code="a">63 p., [4] t. ;</subfield>
      <subfield code="c">22 cm</subfield>
    </datafield>
    <datafield tag="700" ind1="1" ind2=" ">
      <subfield code="a">Horváth Péter</subfield>
    </datafield>
    <datafield tag="710" ind1="2" ind2=" ">
      <subfield code="a">Közlekedési Műszergyártó Részvénytársaság (Budapest)</subfield>
    </datafield>
    <datafield tag="852" ind1=" " ind2=" ">
      <subfield code="a">B11</subfield>
      <subfield code="b">B11</subfield>
      <subfield code="x">BMEOMIKK000148447</subfield>
    </datafield>
  </record>