
  <record>
    <leader>00534nam  2200157 i 4500</leader>
    <controlfield tag="001">MOKKAZ0003717806  </controlfield>
    <controlfield tag="005">20040909213919.0</controlfield>
    <controlfield tag="008">020621s2001    hu ao         00010 hun d</controlfield>
    <datafield tag="035" ind1=" " ind2=" ">
      <subfield code="a">bibKLT00313939</subfield>
    </datafield>
    <datafield tag="040" ind1=" " ind2=" ">
      <subfield code="a">DEENK</subfield>
    </datafield>
    <datafield tag="245" ind1="0" ind2="0">
      <subfield code="a">100 éves a Zárda /</subfield>
      <subfield code="c">[felelős kiadó Horváth Tamás igazgató ; fotó Mészáros József]</subfield>
    </datafield>
    <datafield tag="260" ind1=" " ind2=" ">
      <subfield code="a">[Siklós] :</subfield>
      <subfield code="b">Szent Imre Általános Iskola és Gimnázium,</subfield>
      <subfield code="c">2001</subfield>
    </datafield>
    <datafield tag="300" ind1=" " ind2=" ">
      <subfield code="a">44 p. :</subfield>
      <subfield code="b">ill., fotó ;</subfield>
      <subfield code="c">30 cm</subfield>
    </datafield>
    <datafield tag="700" ind1="1" ind2=" ">
      <subfield code="a">Horváth Tamás</subfield>
    </datafield>
    <datafield tag="700" ind1="1" ind2=" ">
      <subfield code="a">Mészáros József</subfield>
    </datafield>
    <datafield tag="852" ind1=" " ind2=" ">
      <subfield code="a">D1</subfield>
      <subfield code="b">D1</subfield>
      <subfield code="x">bibKLT00313939</subfield>
    </datafield>
  </record>