
  <record>
    <leader>01463nam  2200361 i 4500</leader>
    <controlfield tag="001">MOKKAZ0006360261  </controlfield>
    <controlfield tag="005">20100906183009.0</controlfield>
    <controlfield tag="008">980323s1998    hu ac    b    000 0 hun d</controlfield>
    <datafield tag="020" ind1=" " ind2=" ">
      <subfield code="a">963-03-4484-X (fűzött)</subfield>
    </datafield>
    <datafield tag="035" ind1=" " ind2=" ">
      <subfield code="a">281180</subfield>
    </datafield>
    <datafield tag="040" ind1=" " ind2=" ">
      <subfield code="a">OSZK</subfield>
    </datafield>
    <datafield tag="041" ind1="0" ind2=" ">
      <subfield code="a">hunhun</subfield>
    </datafield>
    <datafield tag="080" ind1=" " ind2=" ">
      <subfield code="a">614.253.58(439.111)(091)</subfield>
    </datafield>
    <datafield tag="100" ind1="1" ind2=" ">
      <subfield code="a">Illei György</subfield>
      <subfield code="d">(1932-)</subfield>
    </datafield>
    <datafield tag="245" ind1="1" ind2="0">
      <subfield code="a">100 éves a bábaképzés Szombathelyen : </subfield>
      <subfield code="b">a bábaképző és bábaképzés múltja, jelene és a képzés jövője /</subfield>
      <subfield code="c">... írták Illei György ..., Kneffel Pál ..., Horváth Boldizsár ... ; szerk. Horváth Boldizsár</subfield>
    </datafield>
    <datafield tag="260" ind1=" " ind2=" ">
      <subfield code="a">[Budapest] :</subfield>
      <subfield code="b">[Schering Kft.],</subfield>
      <subfield code="c">[1998]</subfield>
      <subfield code="e">(Szombathely</subfield>
      <subfield code="f">Szignatúra Ny.)</subfield>
    </datafield>
    <datafield tag="300" ind1=" " ind2=" ">
      <subfield code="a">72 p. :</subfield>
      <subfield code="b">ill. ;</subfield>
      <subfield code="c">24 cm</subfield>
    </datafield>
    <datafield tag="500" ind1=" " ind2=" ">
      <subfield code="a">Közread. a Schering Kft.</subfield>
    </datafield>
    <datafield tag="504" ind1=" " ind2=" ">
      <subfield code="a">Bibliogr. a jegyzetekben</subfield>
    </datafield>
    <datafield tag="610" ind1="2" ind2="4">
      <subfield code="a">Szombathelyi M. Kir. Bábaképző Intézet</subfield>
    </datafield>
    <datafield tag="650" ind1=" " ind2="4">
      <subfield code="a">Szülésznők</subfield>
      <subfield code="z">Magyarország</subfield>
      <subfield code="z">Szombathely</subfield>
      <subfield code="x">történet</subfield>
    </datafield>
    <datafield tag="650" ind1=" " ind2="0">
      <subfield code="a">Midwives</subfield>
      <subfield code="z">Hungary</subfield>
      <subfield code="z">Szombathely</subfield>
      <subfield code="x">History.</subfield>
    </datafield>
    <datafield tag="650" ind1=" " ind2="4">
      <subfield code="a">Szülésznők</subfield>
      <subfield code="z">Magyarország</subfield>
      <subfield code="z">Szombathely</subfield>
    </datafield>
    <datafield tag="650" ind1=" " ind2="0">
      <subfield code="a">Midwives</subfield>
      <subfield code="z">Hungary</subfield>
      <subfield code="z">Szombathely.</subfield>
    </datafield>
    <datafield tag="650" ind1=" " ind2="4">
      <subfield code="a">orvostörténet</subfield>
      <subfield code="x">szülészet</subfield>
    </datafield>
    <datafield tag="650" ind1=" " ind2="7">
      <subfield code="a">Szülésznők</subfield>
      <subfield code="z">Magyarország</subfield>
      <subfield code="z">Szombathely</subfield>
      <subfield code="x">történet</subfield>
      <subfield code="2">lcsh//hun</subfield>
    </datafield>
    <datafield tag="650" ind1=" " ind2="2">
      <subfield code="a">Midwifery</subfield>
      <subfield code="x">history</subfield>
      <subfield code="z">Hungary</subfield>
    </datafield>
    <datafield tag="700" ind1="1" ind2="0">
      <subfield code="a">Kneffel Pál</subfield>
    </datafield>
    <datafield tag="700" ind1="1" ind2="0">
      <subfield code="a">Horváth Boldizsár</subfield>
    </datafield>
    <datafield tag="710" ind1="2" ind2=" ">
      <subfield code="a">Schering Kft (Budapest)</subfield>
      <subfield code="4">közread.</subfield>
    </datafield>
    <datafield tag="852" ind1=" " ind2=" ">
      <subfield code="a">B1</subfield>
      <subfield code="b">B1</subfield>
      <subfield code="x">281180</subfield>
    </datafield>
    <datafield tag="852" ind1=" " ind2=" ">
      <subfield code="a">P1</subfield>
      <subfield code="b">P1</subfield>
      <subfield code="x">bibPOT0003929</subfield>
    </datafield>
    <datafield tag="852" ind1=" " ind2=" ">
      <subfield code="a">D1</subfield>
      <subfield code="b">D2/RK</subfield>
      <subfield code="x">bibKLT00182178</subfield>
    </datafield>
  </record>