
  <record>
    <leader>00910aam  2200241 i 4500</leader>
    <controlfield tag="001">MOKKAZ0006234759  </controlfield>
    <controlfield tag="005">20040915182417.0</controlfield>
    <controlfield tag="008">940509t19891989hu a          010 0 hun d</controlfield>
    <datafield tag="020" ind1=" " ind2=" ">
      <subfield code="a">963-01-9246-2 (fűzött)</subfield>
    </datafield>
    <datafield tag="035" ind1=" " ind2=" ">
      <subfield code="a">529566</subfield>
    </datafield>
    <datafield tag="040" ind1=" " ind2=" ">
      <subfield code="a">OSZK</subfield>
    </datafield>
    <datafield tag="041" ind1="0" ind2=" ">
      <subfield code="a">hunhun</subfield>
    </datafield>
    <datafield tag="072" ind1=" " ind2="1">
      <subfield code="a">H</subfield>
    </datafield>
    <datafield tag="110" ind1="2" ind2="0">
      <subfield code="a">Ipari Szakmunkásképző Intézet (Kunszentmárton)</subfield>
    </datafield>
    <datafield tag="245" ind1="1" ind2="0">
      <subfield code="a">100 éves a szakmai képzés Kunszentmártonban : </subfield>
      <subfield code="b">A 628. sz. Ipari Szakmunkásképző Intézet jubileumi évkönyve /</subfield>
      <subfield code="c">[szerk. ... Kasza József ... és Józsa László ...]</subfield>
    </datafield>
    <datafield tag="260" ind1=" " ind2=" ">
      <subfield code="a">Kunszentmárton :</subfield>
      <subfield code="b">628. sz. Ip. Szakmunkásképző Int.,</subfield>
      <subfield code="c">1989</subfield>
      <subfield code="e">([Szeged]</subfield>
      <subfield code="f">Szegedi Ny.)</subfield>
    </datafield>
    <datafield tag="300" ind1=" " ind2=" ">
      <subfield code="a">144 p. :</subfield>
      <subfield code="b">ill. ;</subfield>
      <subfield code="c">20 cm</subfield>
    </datafield>
    <datafield tag="500" ind1=" " ind2=" ">
      <subfield code="a">2000</subfield>
    </datafield>
    <datafield tag="610" ind1="2" ind2="4">
      <subfield code="a">Ipari Szakmunkásképző Intézet (Kunszentmárton)</subfield>
    </datafield>
    <datafield tag="700" ind1="1" ind2=" ">
      <subfield code="a">Kasza József</subfield>
      <subfield code="4">(szerk.)</subfield>
    </datafield>
    <datafield tag="700" ind1="1" ind2=" ">
      <subfield code="a">Józsa László</subfield>
      <subfield code="4">(szerk.)</subfield>
    </datafield>
    <datafield tag="852" ind1=" " ind2=" ">
      <subfield code="a">B1</subfield>
      <subfield code="b">B1</subfield>
      <subfield code="x">529566</subfield>
    </datafield>
    <datafield tag="852" ind1=" " ind2=" ">
      <subfield code="a">M2</subfield>
      <subfield code="b">M2</subfield>
      <subfield code="x">bibRFK00063868</subfield>
    </datafield>
  </record>