
  <record>
    <leader>00965nam  2200241 i 4500</leader>
    <controlfield tag="001">MOKKAS0001431905  </controlfield>
    <controlfield tag="005">20060113141303.0</controlfield>
    <controlfield tag="008">050903s2002    hu            00010 hun d</controlfield>
    <datafield tag="020" ind1=" " ind2=" ">
      <subfield code="a">(fűzött) :</subfield>
      <subfield code="c">100,-Ft</subfield>
    </datafield>
    <datafield tag="035" ind1=" " ind2=" ">
      <subfield code="a">bibVFK00249962</subfield>
    </datafield>
    <datafield tag="040" ind1=" " ind2=" ">
      <subfield code="a">VFMK</subfield>
    </datafield>
    <datafield tag="245" ind1="0" ind2="0">
      <subfield code="a">100 éves a Szolnoki Művésztelep :</subfield>
      <subfield code="b">A Szolnoki Művészeti Egyesület centenáriumi programja</subfield>
    </datafield>
    <datafield tag="260" ind1=" " ind2=" ">
      <subfield code="a">Szolnok :</subfield>
      <subfield code="b">Szolnoki Művészeti Egyesület,</subfield>
      <subfield code="c">2002</subfield>
      <subfield code="f">(Tisza Nyomda Kft.)</subfield>
    </datafield>
    <datafield tag="300" ind1=" " ind2=" ">
      <subfield code="a">12 p. :</subfield>
      <subfield code="b">ill. ;</subfield>
      <subfield code="c">15x15 cm</subfield>
    </datafield>
    <datafield tag="610" ind1="2" ind2=" ">
      <subfield code="a">Szolnoki Művésztelep (Szolnok)</subfield>
    </datafield>
    <datafield tag="650" ind1=" " ind2="6">
      <subfield code="a">Jubileum</subfield>
    </datafield>
    <datafield tag="650" ind1=" " ind2="6">
      <subfield code="a">Rendezvények, kulturális</subfield>
    </datafield>
    <datafield tag="651" ind1=" " ind2="4">
      <subfield code="a">Szolnok</subfield>
    </datafield>
    <datafield tag="700" ind1="1" ind2=" ">
      <subfield code="a">Írás Mátyás</subfield>
      <subfield code="c">dr.</subfield>
      <subfield code="d">(1936-)</subfield>
      <subfield code="c">(orvos, elnök)</subfield>
      <subfield code="4">fel. kiadó</subfield>
    </datafield>
    <datafield tag="700" ind1="1" ind2=" ">
      <subfield code="a">Kertész Róbert</subfield>
      <subfield code="c">dr.</subfield>
      <subfield code="c">hism</subfield>
      <subfield code="d">(1964-)</subfield>
      <subfield code="c">(muzeológus, régész, titkár)</subfield>
      <subfield code="4">szerk.</subfield>
    </datafield>
    <datafield tag="700" ind1="1" ind2=" ">
      <subfield code="a">Álmosdy Árpád</subfield>
      <subfield code="c">(építész, vezető tervező)</subfield>
      <subfield code="4">közrem.</subfield>
    </datafield>
    <datafield tag="710" ind1="2" ind2=" ">
      <subfield code="a">Szolnoki Művészeti Egyesület (Szolnok)</subfield>
      <subfield code="4">kiad.</subfield>
    </datafield>
    <datafield tag="852" ind1=" " ind2=" ">
      <subfield code="a">SZL1</subfield>
      <subfield code="b">SZL1</subfield>
      <subfield code="x">bibVFK00249962</subfield>
    </datafield>
  </record>