
  <record>
    <leader>00872nam  2200241 i 4500</leader>
    <controlfield tag="001">MOKKAZ0006396629  </controlfield>
    <controlfield tag="005">20040915200424.0</controlfield>
    <controlfield tag="008">001013s2000    hu a          000 0 hun d</controlfield>
    <datafield tag="020" ind1=" " ind2=" ">
      <subfield code="a">963-00-3671-1 (kötött)</subfield>
    </datafield>
    <datafield tag="035" ind1=" " ind2=" ">
      <subfield code="a">450897</subfield>
    </datafield>
    <datafield tag="040" ind1=" " ind2=" ">
      <subfield code="a">OSZK</subfield>
    </datafield>
    <datafield tag="041" ind1="1" ind2=" ">
      <subfield code="a">hunenghun</subfield>
    </datafield>
    <datafield tag="072" ind1=" " ind2="1">
      <subfield code="a">U</subfield>
    </datafield>
    <datafield tag="100" ind1="1" ind2=" ">
      <subfield code="a">Jankó Aranka</subfield>
    </datafield>
    <datafield tag="245" ind1="1" ind2="0">
      <subfield code="a">100 éves a Mosonmagyaróvári Fémszerelvény Részvénytársaság : </subfield>
      <subfield code="b">1900-2000 /</subfield>
      <subfield code="c">[írta ... Jankó Aranka] ; [... ford. ... Cséfalvay Anikó].</subfield>
    </datafield>
    <datafield tag="260" ind1=" " ind2=" ">
      <subfield code="a">Mosonmagyaróvár :</subfield>
      <subfield code="b">Mofém Rt.,</subfield>
      <subfield code="c">2000</subfield>
      <subfield code="e">([S.l.]</subfield>
      <subfield code="f">[s.n.])</subfield>
    </datafield>
    <datafield tag="300" ind1=" " ind2=" ">
      <subfield code="a">64 p. :</subfield>
      <subfield code="b">ill., főként  színes ;</subfield>
      <subfield code="c">29 cm</subfield>
    </datafield>
    <datafield tag="546" ind1=" " ind2=" ">
      <subfield code="a">Magyar és angol nyelven</subfield>
    </datafield>
    <datafield tag="610" ind1="2" ind2="4">
      <subfield code="a">Mosonmagyaróvári Fémszerelvény Rt.</subfield>
    </datafield>
    <datafield tag="700" ind1="1" ind2=" ">
      <subfield code="a">Cséfalvay Anikó</subfield>
      <subfield code="4">(ford.)</subfield>
    </datafield>
    <datafield tag="710" ind1="2" ind2=" ">
      <subfield code="a">Mosonmagyaróvári Fémszerelvény Rt</subfield>
      <subfield code="4">közread.</subfield>
    </datafield>
    <datafield tag="852" ind1=" " ind2=" ">
      <subfield code="a">B1</subfield>
      <subfield code="b">B1</subfield>
      <subfield code="x">450897</subfield>
    </datafield>
    <datafield tag="852" ind1=" " ind2=" ">
      <subfield code="a">B11</subfield>
      <subfield code="b">B11</subfield>
      <subfield code="x">BMEOMIKK000146350</subfield>
    </datafield>
  </record>