
  <record>
    <leader>00849nam  2200229 i 4500</leader>
    <controlfield tag="001">MOKKAS0003329037  </controlfield>
    <controlfield tag="005">20060604070830.0</controlfield>
    <controlfield tag="008">050101s2000                            d</controlfield>
    <datafield tag="020" ind1=" " ind2=" ">
      <subfield code="a">963-00-3671-1 (kötött)</subfield>
    </datafield>
    <datafield tag="035" ind1=" " ind2=" ">
      <subfield code="a">488642</subfield>
    </datafield>
    <datafield tag="040" ind1=" " ind2=" ">
      <subfield code="a">KKMK</subfield>
    </datafield>
    <datafield tag="100" ind1="1" ind2=" ">
      <subfield code="a">Jankó Aranka</subfield>
    </datafield>
    <datafield tag="245" ind1="1" ind2="0">
      <subfield code="a">100 éves a Mosonmagyaróvári Fémszerelvény Részvénytársaság : </subfield>
      <subfield code="b">1900-2000 /</subfield>
      <subfield code="c">[írta] Jankó Aranka</subfield>
    </datafield>
    <datafield tag="246" ind1="1" ind2="4">
      <subfield code="a">100 éves a MOFÉM Rt.</subfield>
    </datafield>
    <datafield tag="260" ind1=" " ind2=" ">
      <subfield code="a">Mosonmagyaróvár :</subfield>
      <subfield code="b">Mosonmagyaróvári Fémszerelvény Részvénytársaság,</subfield>
      <subfield code="c">2000</subfield>
    </datafield>
    <datafield tag="300" ind1=" " ind2=" ">
      <subfield code="a">64 p. :</subfield>
      <subfield code="b">ill., főként színes ;</subfield>
      <subfield code="c">29 cm</subfield>
    </datafield>
    <datafield tag="500" ind1=" " ind2=" ">
      <subfield code="a">Borítócím: 100 éves a MOFÉM Rt. - Angol és magyar nyelven</subfield>
    </datafield>
    <datafield tag="610" ind1="2" ind2="4">
      <subfield code="a">Mosonmagyaróvári Fémszerelvény Részvénytársaság</subfield>
    </datafield>
    <datafield tag="650" ind1=" " ind2="4">
      <subfield code="a">ipartörténet</subfield>
    </datafield>
    <datafield tag="651" ind1=" " ind2="4">
      <subfield code="a">Mosonmagyaróvár</subfield>
    </datafield>
    <datafield tag="653" ind1=" " ind2=" ">
      <subfield code="a">1900-2000</subfield>
    </datafield>
    <datafield tag="852" ind1=" " ind2=" ">
      <subfield code="a">GY1</subfield>
      <subfield code="b">GY1</subfield>
      <subfield code="x">488642</subfield>
    </datafield>
  </record>