
  <record>
    <leader>00561nam  2200205 i 4500</leader>
    <controlfield tag="001">MOKKAN0004571144  </controlfield>
    <controlfield tag="005">20070503004320.0</controlfield>
    <controlfield tag="008">020309s1998                            d</controlfield>
    <datafield tag="035" ind1=" " ind2=" ">
      <subfield code="a">150318030</subfield>
    </datafield>
    <datafield tag="040" ind1=" " ind2=" ">
      <subfield code="a">BDK</subfield>
    </datafield>
    <datafield tag="100" ind1="1" ind2=" ">
      <subfield code="a">Józsa Sándor</subfield>
    </datafield>
    <datafield tag="245" ind1="0" ind2="0">
      <subfield code="a">100 éves a Létesítményi Tűzoltóság /</subfield>
      <subfield code="c">Józsa Sándor</subfield>
    </datafield>
    <datafield tag="260" ind1=" " ind2=" ">
      <subfield code="a">Sárvár :</subfield>
      <subfield code="b">Sárvári Cukorgyár,</subfield>
      <subfield code="c">1998</subfield>
    </datafield>
    <datafield tag="300" ind1=" " ind2=" ">
      <subfield code="c">44 p., 4 t.o. :ill.</subfield>
    </datafield>
    <datafield tag="653" ind1=" " ind2=" ">
      <subfield code="a">Sárvár</subfield>
    </datafield>
    <datafield tag="653" ind1=" " ind2=" ">
      <subfield code="a">centenárium</subfield>
    </datafield>
    <datafield tag="653" ind1=" " ind2=" ">
      <subfield code="a">cukorgyár</subfield>
    </datafield>
    <datafield tag="653" ind1=" " ind2=" ">
      <subfield code="a">tűzoltóság</subfield>
    </datafield>
    <datafield tag="653" ind1=" " ind2=" ">
      <subfield code="a">évforduló</subfield>
    </datafield>
    <datafield tag="852" ind1=" " ind2=" ">
      <subfield code="a">SZO1</subfield>
      <subfield code="b">SZO1</subfield>
      <subfield code="x">150318030</subfield>
    </datafield>
  </record>