
  <record>
    <leader>00889nam  2200217 i 4500</leader>
    <controlfield tag="001">MOKKAS0001426882  </controlfield>
    <controlfield tag="005">20060113133345.0</controlfield>
    <controlfield tag="008">050903s1989    hu            00010 hun d</controlfield>
    <datafield tag="020" ind1=" " ind2=" ">
      <subfield code="a">963-01-9246-2 (fűzött) :</subfield>
      <subfield code="c">60,-Ft</subfield>
    </datafield>
    <datafield tag="035" ind1=" " ind2=" ">
      <subfield code="a">bibVFK00243741</subfield>
    </datafield>
    <datafield tag="040" ind1=" " ind2=" ">
      <subfield code="a">VFMK</subfield>
    </datafield>
    <datafield tag="245" ind1="0" ind2="0">
      <subfield code="a">100 éves a szakmai képzés Kunszentmártonban :</subfield>
      <subfield code="b">A 628. sz. Ipari Szakmunkásképző Intézet Jubileumi Évkönyve /</subfield>
      <subfield code="c">[szerk. Kasza László és Józsa László ; [kiad. a] 628. sz. Ipari Szakmunkásképző Intézet</subfield>
    </datafield>
    <datafield tag="260" ind1=" " ind2=" ">
      <subfield code="a">Kunszentmárton :</subfield>
      <subfield code="b">628. sz. Ipari Szakmunkásképző Intézet,</subfield>
      <subfield code="c">1989</subfield>
      <subfield code="f">(Szegedi Nyomda)</subfield>
    </datafield>
    <datafield tag="300" ind1=" " ind2=" ">
      <subfield code="a">144 p. :</subfield>
      <subfield code="b">ill. ;</subfield>
      <subfield code="c">20 cm</subfield>
    </datafield>
    <datafield tag="650" ind1=" " ind2="4">
      <subfield code="a">Szakmunkásképzés</subfield>
    </datafield>
    <datafield tag="650" ind1=" " ind2="6">
      <subfield code="a">Szakképzés</subfield>
    </datafield>
    <datafield tag="650" ind1=" " ind2="6">
      <subfield code="a">Szakmunkásképzés</subfield>
    </datafield>
    <datafield tag="650" ind1=" " ind2="6">
      <subfield code="a">Iskolatörténet</subfield>
    </datafield>
    <datafield tag="651" ind1=" " ind2="4">
      <subfield code="a">Kunszentmárton</subfield>
    </datafield>
    <datafield tag="700" ind1="1" ind2=" ">
      <subfield code="a">Kasza József</subfield>
      <subfield code="c">hism</subfield>
      <subfield code="c">(polgármester)</subfield>
      <subfield code="4">szerk.</subfield>
    </datafield>
    <datafield tag="852" ind1=" " ind2=" ">
      <subfield code="a">SZL1</subfield>
      <subfield code="b">SZL1</subfield>
      <subfield code="x">bibVFK00243741</subfield>
    </datafield>
  </record>