
  <record>
    <leader>00591nam  2200169 i 4500</leader>
    <controlfield tag="001">MOKKAS0001257509  </controlfield>
    <controlfield tag="005">20060112174522.0</controlfield>
    <controlfield tag="008">      s1981    hu            00010 hun d</controlfield>
    <datafield tag="020" ind1=" " ind2=" ">
      <subfield code="a">963-562-807-2 (fűzött) :</subfield>
      <subfield code="c">2,- Ft</subfield>
    </datafield>
    <datafield tag="035" ind1=" " ind2=" ">
      <subfield code="a">bibRFK00090896</subfield>
    </datafield>
    <datafield tag="040" ind1=" " ind2=" ">
      <subfield code="a">RFMK</subfield>
    </datafield>
    <datafield tag="041" ind1=" " ind2=" ">
      <subfield code="a">hun</subfield>
    </datafield>
    <datafield tag="100" ind1="1" ind2=" ">
      <subfield code="a">Kozma Gyula</subfield>
    </datafield>
    <datafield tag="245" ind1="1" ind2="0">
      <subfield code="a">100 éves a telefon Magyarországon :</subfield>
      <subfield code="b">Kiállítás a Postamúzeumban /</subfield>
      <subfield code="c">[írta Kozma Gyula]</subfield>
    </datafield>
    <datafield tag="260" ind1=" " ind2=" ">
      <subfield code="a">Budapest :</subfield>
      <subfield code="b">Népművelési Propaganda Iroda,</subfield>
      <subfield code="c">1981</subfield>
      <subfield code="e">(Budapest :</subfield>
      <subfield code="f">Népművelési Propaganda Iroda)</subfield>
    </datafield>
    <datafield tag="300" ind1=" " ind2=" ">
      <subfield code="a">11 p. :</subfield>
      <subfield code="b">ill. ;</subfield>
      <subfield code="c">20 cm</subfield>
    </datafield>
    <datafield tag="852" ind1=" " ind2=" ">
      <subfield code="a">M2</subfield>
      <subfield code="b">M2</subfield>
      <subfield code="x">bibRFK00090896</subfield>
    </datafield>
  </record>