
  <record>
    <leader>00867nam  2200253 ir4500</leader>
    <controlfield tag="001">MOKKAZ0006318796  </controlfield>
    <controlfield tag="005">20040915191208.0</controlfield>
    <controlfield tag="008">940914s1993    hu a          000 0 hun d</controlfield>
    <datafield tag="020" ind1=" " ind2=" ">
      <subfield code="a">963-03-3629-4 (fűzött)</subfield>
    </datafield>
    <datafield tag="035" ind1=" " ind2=" ">
      <subfield code="a">91674</subfield>
    </datafield>
    <datafield tag="040" ind1=" " ind2=" ">
      <subfield code="a">OSZK</subfield>
    </datafield>
    <datafield tag="041" ind1="0" ind2=" ">
      <subfield code="a">hunhun</subfield>
    </datafield>
    <datafield tag="072" ind1=" " ind2="1">
      <subfield code="a">T</subfield>
    </datafield>
    <datafield tag="100" ind1="1" ind2=" ">
      <subfield code="a">Kukucska István</subfield>
    </datafield>
    <datafield tag="245" ind1="1" ind2="0">
      <subfield code="a">100 éves a nagykállói önkéntes tűzoltóság, 1893-1993 /</subfield>
      <subfield code="c">Kukucska István ; [... kiad. Nagykálló város Önkormányzata]</subfield>
    </datafield>
    <datafield tag="260" ind1=" " ind2="1">
      <subfield code="a">Nagykálló :</subfield>
      <subfield code="b">Önkormányzat,</subfield>
      <subfield code="c">1993</subfield>
      <subfield code="e">(Nyíregyháza</subfield>
      <subfield code="f">Grafik)</subfield>
    </datafield>
    <datafield tag="300" ind1=" " ind2=" ">
      <subfield code="a">72 p. :</subfield>
      <subfield code="b">ill. ;</subfield>
      <subfield code="c">25 cm</subfield>
    </datafield>
    <datafield tag="490" ind1="1" ind2=" ">
      <subfield code="a">Helytörténeti füzetek</subfield>
      <subfield code="x">1216-3708</subfield>
      <subfield code="v">6.</subfield>
    </datafield>
    <datafield tag="500" ind1=" " ind2=" ">
      <subfield code="a">Példányszám: 400</subfield>
    </datafield>
    <datafield tag="610" ind1="2" ind2="4">
      <subfield code="a">Nagykállói Önkéntes Tűzoltó Egyesület</subfield>
    </datafield>
    <datafield tag="651" ind1=" " ind2="4">
      <subfield code="a">Nagykálló</subfield>
    </datafield>
    <datafield tag="710" ind1="1" ind2=" ">
      <subfield code="a">Nagykálló</subfield>
      <subfield code="a">Önkormányzat</subfield>
      <subfield code="4">közread.</subfield>
    </datafield>
    <datafield tag="830" ind1=" " ind2="0">
      <subfield code="a">Helytörténeti füzetek</subfield>
    </datafield>
    <datafield tag="852" ind1=" " ind2=" ">
      <subfield code="a">B1</subfield>
      <subfield code="b">B1</subfield>
      <subfield code="x">91674</subfield>
    </datafield>
  </record>