
  <record>
    <leader>00913fam  2200241 i 4500</leader>
    <controlfield tag="001">MOKKAZ0003320345  </controlfield>
    <controlfield tag="005">20040909180329.0</controlfield>
    <controlfield tag="008">      s1993    hu            00010 hun d</controlfield>
    <datafield tag="035" ind1=" " ind2=" ">
      <subfield code="a">bibKLT00077046</subfield>
    </datafield>
    <datafield tag="040" ind1=" " ind2=" ">
      <subfield code="a">DEENK</subfield>
    </datafield>
    <datafield tag="100" ind1="1" ind2=" ">
      <subfield code="a">Kukucska István</subfield>
    </datafield>
    <datafield tag="245" ind1="1" ind2="0">
      <subfield code="a">100 éves a Nagykállói Önkéntes Tűzoltóság :</subfield>
      <subfield code="b">1893-1993 /</subfield>
      <subfield code="c">Kukucska istván ; [szerk. Kiss Gábor].</subfield>
    </datafield>
    <datafield tag="260" ind1="0" ind2=" ">
      <subfield code="a">Nagykálló :</subfield>
      <subfield code="b">Nagykálló Város Önkormányzata,</subfield>
      <subfield code="c">1993</subfield>
    </datafield>
    <datafield tag="300" ind1=" " ind2=" ">
      <subfield code="a">72 p. :</subfield>
      <subfield code="b">ill. ;</subfield>
      <subfield code="c">25 cm</subfield>
    </datafield>
    <datafield tag="490" ind1="1" ind2=" ">
      <subfield code="a">(Helytörténeti füzetek, /Nagykálló ;</subfield>
      <subfield code="v">.6.)</subfield>
    </datafield>
    <datafield tag="610" ind1="2" ind2=" ">
      <subfield code="a">Nagykállói Önkéntes Tűzoltóság</subfield>
    </datafield>
    <datafield tag="650" ind1=" " ind2="7">
      <subfield code="a">Tűzoltóság</subfield>
      <subfield code="x">Magyarország</subfield>
      <subfield code="x">története</subfield>
      <subfield code="2">szte</subfield>
    </datafield>
    <datafield tag="695" ind1=" " ind2=" ">
      <subfield code="a">tűzoltóság</subfield>
      <subfield code="y">1893-1993</subfield>
      <subfield code="z">Nagykálló</subfield>
    </datafield>
    <datafield tag="700" ind1="1" ind2=" ">
      <subfield code="a">Kiss Gábor</subfield>
    </datafield>
    <datafield tag="830" ind1=" " ind2="0">
      <subfield code="a">Helytörténeti füzetek (Nagykálló. Önkormányzat)</subfield>
    </datafield>
    <datafield tag="852" ind1=" " ind2=" ">
      <subfield code="a">D1</subfield>
      <subfield code="b">D1</subfield>
      <subfield code="x">bibKLT00077046</subfield>
    </datafield>
    <datafield tag="852" ind1=" " ind2=" ">
      <subfield code="a">SZ1</subfield>
      <subfield code="b">SZ1</subfield>
      <subfield code="x">bibJAT00272674</subfield>
    </datafield>
    <datafield tag="852" ind1=" " ind2=" ">
      <subfield code="a">P1</subfield>
      <subfield code="b">P1</subfield>
      <subfield code="x">bibJPT0010652</subfield>
    </datafield>
  </record>