
  <record>
    <leader>00830fam  2200229 i 4500</leader>
    <controlfield tag="001">MOKKAZ0003708155  </controlfield>
    <controlfield tag="005">20040909213406.0</controlfield>
    <controlfield tag="008">020325q19982000hu a          00010 hun d</controlfield>
    <datafield tag="035" ind1=" " ind2=" ">
      <subfield code="a">bibKLT00308754</subfield>
    </datafield>
    <datafield tag="040" ind1=" " ind2=" ">
      <subfield code="a">DEENK</subfield>
    </datafield>
    <datafield tag="100" ind1="1" ind2=" ">
      <subfield code="a">Kutassi László</subfield>
      <subfield code="d">(1931-1999)</subfield>
    </datafield>
    <datafield tag="245" ind1="1" ind2="0">
      <subfield code="a">100 éves a Budapesti Egyetemi Atlétikai Club /</subfield>
      <subfield code="c">Kutassi László, [szerzőtársak Kutassy György, Varga Miklós] ; [szerk. ifj. Kutassy László]</subfield>
    </datafield>
    <datafield tag="260" ind1=" " ind2=" ">
      <subfield code="a">Budapest :</subfield>
      <subfield code="b">Plantin-Print,</subfield>
      <subfield code="c">[200?]</subfield>
    </datafield>
    <datafield tag="300" ind1=" " ind2=" ">
      <subfield code="a">221 p. :</subfield>
      <subfield code="b">ill. ;</subfield>
      <subfield code="c">20x23 cm</subfield>
    </datafield>
    <datafield tag="610" ind1="1" ind2=" ">
      <subfield code="a">Budapesti Egyetemi Atlétikai Club</subfield>
    </datafield>
    <datafield tag="650" ind1=" " ind2="4">
      <subfield code="a">Atlétika</subfield>
      <subfield code="z">Magyarország</subfield>
      <subfield code="x">történet</subfield>
    </datafield>
    <datafield tag="650" ind1=" " ind2="0">
      <subfield code="a">Athletics</subfield>
      <subfield code="z">Hungary</subfield>
      <subfield code="x">History.</subfield>
    </datafield>
    <datafield tag="700" ind1="1" ind2=" ">
      <subfield code="a">Kutassy György</subfield>
    </datafield>
    <datafield tag="700" ind1="1" ind2=" ">
      <subfield code="a">Varga Miklós</subfield>
    </datafield>
    <datafield tag="700" ind1="1" ind2=" ">
      <subfield code="a">Kutassy László</subfield>
      <subfield code="c">(ifj.)</subfield>
    </datafield>
    <datafield tag="852" ind1=" " ind2=" ">
      <subfield code="a">D1</subfield>
      <subfield code="b">D1</subfield>
      <subfield code="x">bibKLT00308754</subfield>
    </datafield>
    <datafield tag="852" ind1=" " ind2=" ">
      <subfield code="a">P1</subfield>
      <subfield code="b">P1/FK</subfield>
      <subfield code="x">bibKLT00308754</subfield>
    </datafield>
  </record>