
  <record>
    <leader>01156fam  2200277 i 4500</leader>
    <controlfield tag="001">MOKKAZ0006313591  </controlfield>
    <controlfield tag="005">20090505175000.0</controlfield>
    <controlfield tag="008">940308s1993    hu a          010 0 hun d</controlfield>
    <datafield tag="020" ind1=" " ind2=" ">
      <subfield code="a">963-02-9507-5 (kötött)</subfield>
    </datafield>
    <datafield tag="035" ind1=" " ind2=" ">
      <subfield code="a">68490</subfield>
    </datafield>
    <datafield tag="040" ind1=" " ind2=" ">
      <subfield code="a">OSZK</subfield>
    </datafield>
    <datafield tag="041" ind1="0" ind2=" ">
      <subfield code="a">hunhun</subfield>
    </datafield>
    <datafield tag="245" ind1="0" ind2="0">
      <subfield code="a">100 éves a debreceni közkórház : </subfield>
      <subfield code="b">emlékkönyv, 1893-1993 /</subfield>
      <subfield code="c">[szerk. Lakatos Lajos] ; [közread. a] Hajdú-Bihar Megyei Önkormányzat Kenézy Gyula Kórház-Rendelőintézet</subfield>
    </datafield>
    <datafield tag="260" ind1=" " ind2=" ">
      <subfield code="a">Debrecen :</subfield>
      <subfield code="b">Kenézy Gy. Kórház-Rendelőint.,</subfield>
      <subfield code="c">1993</subfield>
      <subfield code="e">(Debrecen</subfield>
      <subfield code="f">Kinizsi)</subfield>
    </datafield>
    <datafield tag="300" ind1=" " ind2=" ">
      <subfield code="a">176, [12] p., [3] t.fol. :</subfield>
      <subfield code="b">ill., részben színes ;</subfield>
      <subfield code="c">21 cm</subfield>
    </datafield>
    <datafield tag="610" ind1="2" ind2="4">
      <subfield code="a">Dr. Kenézy Gyula Kórház-Rendelőintézet (Debrecen)</subfield>
    </datafield>
    <datafield tag="650" ind1=" " ind2="4">
      <subfield code="a">Kórházak</subfield>
      <subfield code="z">Magyarország</subfield>
      <subfield code="z">Debrecen</subfield>
    </datafield>
    <datafield tag="650" ind1=" " ind2="0">
      <subfield code="a">Hospitals</subfield>
      <subfield code="z">Hungary</subfield>
      <subfield code="z">Debrecen.</subfield>
    </datafield>
    <datafield tag="650" ind1=" " ind2="4">
      <subfield code="a">egészségügy</subfield>
      <subfield code="x">történet</subfield>
      <subfield code="z">Hajdu-Bihar megye</subfield>
    </datafield>
    <datafield tag="650" ind1=" " ind2="2">
      <subfield code="a">Hospitals</subfield>
      <subfield code="x">history</subfield>
    </datafield>
    <datafield tag="650" ind1=" " ind2="2">
      <subfield code="a">Hungary</subfield>
    </datafield>
    <datafield tag="700" ind1="1" ind2=" ">
      <subfield code="a">Lakatos Lajos</subfield>
      <subfield code="d">(1942-)</subfield>
      <subfield code="4">(szerk.)</subfield>
    </datafield>
    <datafield tag="710" ind1="2" ind2=" ">
      <subfield code="a">Dr. Kenézy Gyula Kórház-Rendelőintézet (Debrecen)</subfield>
      <subfield code="4">közread.</subfield>
    </datafield>
    <datafield tag="852" ind1=" " ind2=" ">
      <subfield code="a">B1</subfield>
      <subfield code="b">B1</subfield>
      <subfield code="x">68490</subfield>
    </datafield>
    <datafield tag="852" ind1=" " ind2=" ">
      <subfield code="a">D1</subfield>
      <subfield code="b">D1</subfield>
      <subfield code="b">D1/TR</subfield>
      <subfield code="b">D2/48</subfield>
      <subfield code="b">D2/PO</subfield>
      <subfield code="b">D2/KGY</subfield>
      <subfield code="x">68490</subfield>
    </datafield>
    <datafield tag="852" ind1=" " ind2=" ">
      <subfield code="a">P1</subfield>
      <subfield code="b">P1</subfield>
      <subfield code="x">bibPOT0000812</subfield>
    </datafield>
  </record>