
  <record>
    <leader>01099nam  2200241 i 4500</leader>
    <controlfield tag="001">MOKKAN0004083543  </controlfield>
    <controlfield tag="005">20070330003849.0</controlfield>
    <controlfield tag="008">041110s2004    hu ao         000 0 hun d</controlfield>
    <datafield tag="035" ind1=" " ind2=" ">
      <subfield code="a">000002531289</subfield>
    </datafield>
    <datafield tag="040" ind1=" " ind2=" ">
      <subfield code="a">DEENK</subfield>
    </datafield>
    <datafield tag="245" ind1="0" ind2="0">
      <subfield code="a">100 éves a dunaharaszti Szent István plébániatemplom, 1904-2004 :</subfield>
      <subfield code="b">a dunaharaszti katolikus egyházközségek ünnepi kiadványa /</subfield>
      <subfield code="c">[... főszerk. Láng András] ; [szerk. ... Koczka Tamásné Nagy Angela] ; [közread. a Szent István Római Katolikus Plébánia]</subfield>
    </datafield>
    <datafield tag="260" ind1=" " ind2=" ">
      <subfield code="a">[Dunaharaszti] :</subfield>
      <subfield code="b">[Szent István Római Katolikus Plébánia],</subfield>
      <subfield code="c">2004</subfield>
    </datafield>
    <datafield tag="300" ind1=" " ind2=" ">
      <subfield code="a">208 p. :</subfield>
      <subfield code="b">ill., részben színes ;</subfield>
      <subfield code="c">24 cm</subfield>
    </datafield>
    <datafield tag="500" ind1=" " ind2=" ">
      <subfield code="a">Példányszám: 1000</subfield>
    </datafield>
    <datafield tag="504" ind1=" " ind2=" ">
      <subfield code="a">Bibliogr.: p. 51. és a lábjegyzetekben</subfield>
    </datafield>
    <datafield tag="610" ind1="2" ind2=" ">
      <subfield code="a">Szent István Római Katolikus Plébánia (Dunaharaszti)</subfield>
    </datafield>
    <datafield tag="650" ind1=" " ind2="4">
      <subfield code="a">Vallásos irodalom</subfield>
    </datafield>
    <datafield tag="650" ind1=" " ind2="0">
      <subfield code="a">Devotional literature.</subfield>
    </datafield>
    <datafield tag="651" ind1=" " ind2="4">
      <subfield code="a">Dunaharaszti</subfield>
    </datafield>
    <datafield tag="700" ind1="1" ind2=" ">
      <subfield code="a">Láng András</subfield>
      <subfield code="4">szerk.</subfield>
    </datafield>
    <datafield tag="700" ind1="2" ind2=" ">
      <subfield code="a">Koczka Tamásné Nagy Angela</subfield>
      <subfield code="4">szerk.</subfield>
    </datafield>
    <datafield tag="710" ind1="2" ind2=" ">
      <subfield code="a">Szent István Római Katolikus Plébánia (Dunaharaszti)</subfield>
      <subfield code="4">közread.</subfield>
    </datafield>
    <datafield tag="852" ind1=" " ind2=" ">
      <subfield code="a">D1</subfield>
      <subfield code="b">D1</subfield>
      <subfield code="x">000002531289</subfield>
    </datafield>
  </record>