
  <record>
    <leader>00753nam  2200217 i 4500</leader>
    <controlfield tag="001">MOKKAS0001066280  </controlfield>
    <controlfield tag="005">20051215222257.0</controlfield>
    <controlfield tag="008">050903s1962    hu            00010 hun d</controlfield>
    <datafield tag="035" ind1=" " ind2=" ">
      <subfield code="a">bibBKO00243246</subfield>
    </datafield>
    <datafield tag="040" ind1=" " ind2=" ">
      <subfield code="a">BMK</subfield>
    </datafield>
    <datafield tag="100" ind1="1" ind2=" ">
      <subfield code="a">Lovász György</subfield>
    </datafield>
    <datafield tag="245" ind1="1" ind2="0">
      <subfield code="a">100 éves a szarvasi Erkel Kórus /</subfield>
      <subfield code="c">Lovász György</subfield>
    </datafield>
    <datafield tag="260" ind1=" " ind2=" ">
      <subfield code="a">Szarvas :</subfield>
      <subfield code="b">József A. Műv. Ház,</subfield>
      <subfield code="c">1962</subfield>
    </datafield>
    <datafield tag="300" ind1=" " ind2=" ">
      <subfield code="a">33 p., 5 t. ;</subfield>
      <subfield code="c">20 cm</subfield>
    </datafield>
    <datafield tag="490" ind1="1" ind2=" ">
      <subfield code="a">(Járási József Attila Művelődési Ház kiadványa)</subfield>
    </datafield>
    <datafield tag="650" ind1=" " ind2="6">
      <subfield code="a">kórusok - Erkel Kórus (Szarvas)</subfield>
    </datafield>
    <datafield tag="650" ind1=" " ind2="6">
      <subfield code="a">Erkel Kórus (Szarvas)</subfield>
    </datafield>
    <datafield tag="651" ind1=" " ind2="4">
      <subfield code="a">Szarvas</subfield>
    </datafield>
    <datafield tag="710" ind1="2" ind2=" ">
      <subfield code="a">József Attila Művelődési Ház (Szarvas)</subfield>
      <subfield code="4">közread.</subfield>
    </datafield>
    <datafield tag="830" ind1=" " ind2="0">
      <subfield code="a">Járási József Attila Művelődési Ház kiadványa</subfield>
    </datafield>
    <datafield tag="852" ind1=" " ind2=" ">
      <subfield code="a">BCS1</subfield>
      <subfield code="b">BCS1</subfield>
      <subfield code="x">bibBKO00243246</subfield>
    </datafield>
  </record>