
  <record>
    <leader>00666nama 22002051i 4500</leader>
    <controlfield tag="001">MOKKAS0000484497  </controlfield>
    <controlfield tag="005">20060117184307.0</controlfield>
    <controlfield tag="008">040730s1962    hu            000 0 hunod</controlfield>
    <datafield tag="035" ind1=" " ind2=" ">
      <subfield code="a">1243274</subfield>
    </datafield>
    <datafield tag="040" ind1=" " ind2=" ">
      <subfield code="a">OSZK</subfield>
    </datafield>
    <datafield tag="041" ind1="0" ind2=" ">
      <subfield code="a">hunhun</subfield>
    </datafield>
    <datafield tag="100" ind1="1" ind2=" ">
      <subfield code="a">Lovász György</subfield>
    </datafield>
    <datafield tag="245" ind1="1" ind2="0">
      <subfield code="a">100 éves a Szarvasi Erkel Kórus /</subfield>
      <subfield code="c">Lovász György</subfield>
    </datafield>
    <datafield tag="260" ind1=" " ind2=" ">
      <subfield code="a">Szarvas :</subfield>
      <subfield code="b">[s.n.],</subfield>
      <subfield code="c">1962</subfield>
      <subfield code="e">(Gyula</subfield>
      <subfield code="f">Békés M. Ny.)</subfield>
    </datafield>
    <datafield tag="300" ind1=" " ind2=" ">
      <subfield code="a">33 p., 4 t. ;</subfield>
      <subfield code="c">20 cm</subfield>
    </datafield>
    <datafield tag="490" ind1="1" ind2=" ">
      <subfield code="a">Járási József Attila Művelődési Ház kiadványa</subfield>
    </datafield>
    <datafield tag="600" ind1="1" ind2="4">
      <subfield code="a">Erkel Ferenc</subfield>
      <subfield code="d">(1810-1893)</subfield>
    </datafield>
    <datafield tag="830" ind1=" " ind2="0">
      <subfield code="a">Járási József Attila Művelődési Ház kiadványa</subfield>
    </datafield>
    <datafield tag="852" ind1=" " ind2=" ">
      <subfield code="a">B1</subfield>
      <subfield code="b">B1</subfield>
      <subfield code="x">1243274</subfield>
    </datafield>
    <datafield tag="852" ind1=" " ind2=" ">
      <subfield code="a">B10</subfield>
      <subfield code="b">B10</subfield>
      <subfield code="x">bibFSZ00260717</subfield>
    </datafield>
  </record>