
  <record>
    <leader>01157nam  2200289 i 4500</leader>
    <controlfield tag="001">MOKKAN0004084233  </controlfield>
    <controlfield tag="005">20091129053042.0</controlfield>
    <controlfield tag="008">070209s2006    hu       b    000   hun d</controlfield>
    <datafield tag="020" ind1=" " ind2=" ">
      <subfield code="a">963 9276 56 1</subfield>
    </datafield>
    <datafield tag="035" ind1=" " ind2=" ">
      <subfield code="a">bibJAT00702320</subfield>
    </datafield>
    <datafield tag="040" ind1=" " ind2=" ">
      <subfield code="a">SZTE</subfield>
    </datafield>
    <datafield tag="245" ind1="0" ind2="0">
      <subfield code="a">100 éves a Magyar Sebész Társaság :</subfield>
      <subfield code="b">1906-2006 /</subfield>
      <subfield code="c">[összeáll. Lukács Géza, Szállási Árpád ; sajtó alá rend. Gazda István]</subfield>
    </datafield>
    <datafield tag="260" ind1=" " ind2=" ">
      <subfield code="a">Debrecen :</subfield>
      <subfield code="b">Magyar Sebész Társaság :</subfield>
      <subfield code="b">Magyar Tudománytörténeti Intézet,</subfield>
      <subfield code="c">2006</subfield>
    </datafield>
    <datafield tag="300" ind1=" " ind2=" ">
      <subfield code="a">302 p. :</subfield>
      <subfield code="b">ill. ;</subfield>
      <subfield code="c">24 cm</subfield>
    </datafield>
    <datafield tag="490" ind1="1" ind2=" ">
      <subfield code="a">(Magyar Tudománytörténeti Szemle könyvtára ,</subfield>
      <subfield code="x">1416-5368 ;</subfield>
      <subfield code="v">63.)</subfield>
    </datafield>
    <datafield tag="650" ind1=" " ind2="7">
      <subfield code="a">Sebészet</subfield>
      <subfield code="x">Magyarország</subfield>
      <subfield code="x">történet</subfield>
      <subfield code="2">szte</subfield>
    </datafield>
    <datafield tag="650" ind1=" " ind2="7">
      <subfield code="a">Egyesület</subfield>
      <subfield code="x">orvosi</subfield>
      <subfield code="x">Magyarország</subfield>
      <subfield code="2">szte</subfield>
    </datafield>
    <datafield tag="650" ind1=" " ind2="7">
      <subfield code="a">sebészet</subfield>
      <subfield code="x">történet</subfield>
      <subfield code="z">Magyarország</subfield>
      <subfield code="2">potesh</subfield>
    </datafield>
    <datafield tag="695" ind1=" " ind2=" ">
      <subfield code="a">sebészet</subfield>
      <subfield code="x">történet</subfield>
      <subfield code="z">Magyarország</subfield>
    </datafield>
    <datafield tag="695" ind1=" " ind2=" ">
      <subfield code="a">jubileumi kiadványok</subfield>
    </datafield>
    <datafield tag="700" ind1="1" ind2=" ">
      <subfield code="a">Lukács Géza</subfield>
    </datafield>
    <datafield tag="700" ind1="1" ind2=" ">
      <subfield code="a">Szállási Árpád</subfield>
    </datafield>
    <datafield tag="700" ind1="1" ind2=" ">
      <subfield code="a">Gazda István</subfield>
    </datafield>
    <datafield tag="710" ind1="2" ind2=" ">
      <subfield code="a">Magyar Sebész Társaság</subfield>
    </datafield>
    <datafield tag="830" ind1=" " ind2="0">
      <subfield code="a">Magyar Tudománytörténeti Szemle könyvtára</subfield>
    </datafield>
    <datafield tag="852" ind1=" " ind2=" ">
      <subfield code="a">SZ1</subfield>
      <subfield code="b">SZ1</subfield>
      <subfield code="b">SZ1/R2</subfield>
      <subfield code="x">bibJAT00702320</subfield>
    </datafield>
    <datafield tag="852" ind1=" " ind2=" ">
      <subfield code="a">P1</subfield>
      <subfield code="b">P10/F</subfield>
      <subfield code="x">bibPOT00183963</subfield>
    </datafield>
  </record>