
  <record>
    <leader>00648nam  2200193 i 4500</leader>
    <controlfield tag="001">MOKKAW0005680157  </controlfield>
    <controlfield tag="005">20080417051300.0</controlfield>
    <controlfield tag="008">931025s1991    hu            000 0 hun d</controlfield>
    <datafield tag="020" ind1=" " ind2=" ">
      <subfield code="a">963-02-8974-1</subfield>
    </datafield>
    <datafield tag="035" ind1=" " ind2=" ">
      <subfield code="a">BMEOMIKK000351818</subfield>
    </datafield>
    <datafield tag="040" ind1=" " ind2=" ">
      <subfield code="a">BMEOMIKK</subfield>
    </datafield>
    <datafield tag="041" ind1="0" ind2=" ">
      <subfield code="a">hun</subfield>
    </datafield>
    <datafield tag="110" ind1="2" ind2="0">
      <subfield code="a">Magyar Államvasutak.</subfield>
      <subfield code="b">Debreceni Igazgatóság</subfield>
    </datafield>
    <datafield tag="245" ind1="1" ind2="0">
      <subfield code="a">100 éves a MÁV Debreceni Igazgatósága, 1890-1990 /</subfield>
      <subfield code="c">[szerk. Gazdag istván] ; [közr. a MÁV Debreceni Igazgatósága]</subfield>
    </datafield>
    <datafield tag="260" ind1=" " ind2=" ">
      <subfield code="a">Debrecen :</subfield>
      <subfield code="b">MÁV,</subfield>
      <subfield code="c">1991</subfield>
    </datafield>
    <datafield tag="300" ind1=" " ind2=" ">
      <subfield code="a">181 p. ;</subfield>
      <subfield code="c">24 cm +</subfield>
      <subfield code="e">5 térk.</subfield>
    </datafield>
    <datafield tag="504" ind1=" " ind2=" ">
      <subfield code="a">Bibliogr.: cikkenként</subfield>
    </datafield>
    <datafield tag="700" ind1="1" ind2=" ">
      <subfield code="a">Gazdag István</subfield>
    </datafield>
    <datafield tag="852" ind1=" " ind2=" ">
      <subfield code="a">B11</subfield>
      <subfield code="b">B11</subfield>
      <subfield code="x">BMEOMIKK000351818</subfield>
    </datafield>
  </record>