
  <record>
    <leader>01359fam  2200289 i 4500</leader>
    <controlfield tag="001">MOKKAZ0006372833  </controlfield>
    <controlfield tag="005">20040915195109.0</controlfield>
    <controlfield tag="008">981217s1998    hu r          000 0 hun d</controlfield>
    <datafield tag="020" ind1=" " ind2=" ">
      <subfield code="a">963-03-6552-9 (kötött)</subfield>
    </datafield>
    <datafield tag="035" ind1=" " ind2=" ">
      <subfield code="a">333121</subfield>
    </datafield>
    <datafield tag="040" ind1=" " ind2=" ">
      <subfield code="a">OSZK</subfield>
    </datafield>
    <datafield tag="041" ind1="0" ind2=" ">
      <subfield code="a">hunhun</subfield>
    </datafield>
    <datafield tag="110" ind1="2" ind2="0">
      <subfield code="a">Magyar Államvasutak</subfield>
      <subfield code="a">Debreceni Járműjavító Kft.</subfield>
    </datafield>
    <datafield tag="245" ind1="1" ind2="0">
      <subfield code="a">100 éves a MÁV Debreceni Járműjavító Kft : </subfield>
      <subfield code="b">üzemtörténet, 1898-1998 /</subfield>
      <subfield code="c">szerk. Zágonyi Imre</subfield>
    </datafield>
    <datafield tag="260" ind1=" " ind2=" ">
      <subfield code="a">Debrecen :</subfield>
      <subfield code="b">Lícium-art,</subfield>
      <subfield code="c">1998</subfield>
      <subfield code="e">([Debrecen]</subfield>
      <subfield code="f">Kapitális Ny.)</subfield>
    </datafield>
    <datafield tag="300" ind1=" " ind2=" ">
      <subfield code="a">54 p., [27] t. :</subfield>
      <subfield code="b">ill., színes ;</subfield>
      <subfield code="c">25 cm</subfield>
    </datafield>
    <datafield tag="610" ind1="2" ind2="4">
      <subfield code="a">Magyar Államvasutak</subfield>
      <subfield code="a">Debreceni Járműjavító Kft.</subfield>
    </datafield>
    <datafield tag="650" ind1=" " ind2="4">
      <subfield code="a">Járművek</subfield>
      <subfield code="x">karbantartás és javítás</subfield>
      <subfield code="z">Magyarország</subfield>
      <subfield code="z">Debrecen</subfield>
      <subfield code="x">történet</subfield>
    </datafield>
    <datafield tag="650" ind1=" " ind2="4">
      <subfield code="a">Vagonok</subfield>
      <subfield code="x">karbantartás és javítás</subfield>
      <subfield code="z">Magyarország</subfield>
      <subfield code="z">Debrecen</subfield>
      <subfield code="x">történet</subfield>
    </datafield>
    <datafield tag="650" ind1=" " ind2="4">
      <subfield code="a">Vasutak</subfield>
      <subfield code="x">felszerelés és eszközállomány</subfield>
      <subfield code="x">karbantartás és javítás</subfield>
      <subfield code="z">Magyarország</subfield>
      <subfield code="z">Szombathely</subfield>
      <subfield code="x">történet</subfield>
    </datafield>
    <datafield tag="650" ind1=" " ind2="0">
      <subfield code="a">Vehicles</subfield>
      <subfield code="x">Maintenance and repair</subfield>
      <subfield code="z">Hungary</subfield>
      <subfield code="z">Debrecen</subfield>
      <subfield code="x">History.</subfield>
    </datafield>
    <datafield tag="650" ind1=" " ind2="0">
      <subfield code="a">Wagons</subfield>
      <subfield code="x">Maintenance an repair</subfield>
      <subfield code="z">Hungary</subfield>
      <subfield code="z">Debrecen</subfield>
      <subfield code="x">History.</subfield>
    </datafield>
    <datafield tag="650" ind1=" " ind2="0">
      <subfield code="a">Railroads</subfield>
      <subfield code="x">Equipment and supplies</subfield>
      <subfield code="x">Maintenance and repair</subfield>
      <subfield code="z">Hungary</subfield>
      <subfield code="z">Debrecen</subfield>
      <subfield code="x">History.</subfield>
    </datafield>
    <datafield tag="700" ind1="1" ind2=" ">
      <subfield code="a">Zágonyi Imre</subfield>
      <subfield code="4">(szerk.)</subfield>
    </datafield>
    <datafield tag="852" ind1=" " ind2=" ">
      <subfield code="a">B1</subfield>
      <subfield code="b">B1</subfield>
      <subfield code="x">333121</subfield>
    </datafield>
    <datafield tag="852" ind1=" " ind2=" ">
      <subfield code="a">D1</subfield>
      <subfield code="b">D1</subfield>
      <subfield code="x">bibKLT00219228</subfield>
    </datafield>
    <datafield tag="852" ind1=" " ind2=" ">
      <subfield code="a">B11</subfield>
      <subfield code="b">B11</subfield>
      <subfield code="x">BMEOMIKK000135635</subfield>
    </datafield>
  </record>