
  <record>
    <leader>00925aam  2200241 i 4500</leader>
    <controlfield tag="001">MOKKAZ0006295428  </controlfield>
    <controlfield tag="005">20040915185635.0</controlfield>
    <controlfield tag="008">940511s1991    hu            000 0 hun d</controlfield>
    <datafield tag="020" ind1=" " ind2=" ">
      <subfield code="a">963-7173-26-9 (fűzött)</subfield>
    </datafield>
    <datafield tag="035" ind1=" " ind2=" ">
      <subfield code="a">731379</subfield>
    </datafield>
    <datafield tag="040" ind1=" " ind2=" ">
      <subfield code="a">OSZK</subfield>
    </datafield>
    <datafield tag="041" ind1="0" ind2=" ">
      <subfield code="a">hunhuneng</subfield>
    </datafield>
    <datafield tag="072" ind1=" " ind2="1">
      <subfield code="a">SA</subfield>
    </datafield>
    <datafield tag="245" ind1="1" ind2="0">
      <subfield code="a">100 éves a Magyar Biológiai Társaság Botanikai Szakosztálya</subfield>
    </datafield>
    <datafield tag="246" ind1="1" ind2="1">
      <subfield code="a">Hundredth anniversary of the Hungarian Botanical Society, 1891-1991</subfield>
    </datafield>
    <datafield tag="260" ind1=" " ind2=" ">
      <subfield code="a">Szombathely :</subfield>
      <subfield code="b">BDTF</subfield>
      <subfield code="a">Budapest :</subfield>
      <subfield code="b">MBT,</subfield>
      <subfield code="c">[1991]</subfield>
      <subfield code="e">(Szombathely</subfield>
      <subfield code="f">BDTF)</subfield>
    </datafield>
    <datafield tag="300" ind1=" " ind2=" ">
      <subfield code="a">72 p. ;</subfield>
      <subfield code="c">25 cm</subfield>
    </datafield>
    <datafield tag="490" ind1="1" ind2=" ">
      <subfield code="a">Bio tár</subfield>
      <subfield code="x">0239-1724</subfield>
      <subfield code="v">7.</subfield>
    </datafield>
    <datafield tag="500" ind1=" " ind2=" ">
      <subfield code="a">Az 1991. aug. 21-24-én Szombathelyen rendezett ünnepi ülés előadáskivonatai</subfield>
    </datafield>
    <datafield tag="610" ind1="2" ind2="4">
      <subfield code="a">Magyar Biológiai Társaság</subfield>
      <subfield code="a">Botanikai Szakosztály</subfield>
    </datafield>
    <datafield tag="710" ind1="2" ind2=" ">
      <subfield code="a">Magyar Biológiai Társaság</subfield>
      <subfield code="a">Botanikai Szakosztály.</subfield>
      <subfield code="b">Ünnepi ülés</subfield>
      <subfield code="d">(1991)</subfield>
      <subfield code="c">(Szombathely)</subfield>
      <subfield code="4">mt.</subfield>
    </datafield>
    <datafield tag="830" ind1=" " ind2="0">
      <subfield code="a">Bio tár</subfield>
    </datafield>
    <datafield tag="852" ind1=" " ind2=" ">
      <subfield code="a">B1</subfield>
      <subfield code="b">B1</subfield>
      <subfield code="x">731379</subfield>
    </datafield>
  </record>