
  <record>
    <leader>01034nam  2200265 i 4500</leader>
    <controlfield tag="001">MOKKAS0001349019  </controlfield>
    <controlfield tag="005">20060113002050.0</controlfield>
    <controlfield tag="008">      s1991    hu            00010 hun d</controlfield>
    <datafield tag="020" ind1=" " ind2=" ">
      <subfield code="a">963-04-0027-8 [!ISBN 963-04-1652-2] (fűzött) :</subfield>
      <subfield code="c">300,- Ft</subfield>
    </datafield>
    <datafield tag="022" ind1=" " ind2=" ">
      <subfield code="a">ISSN 0236-5804 = Hidrobiológus Napok</subfield>
    </datafield>
    <datafield tag="035" ind1=" " ind2=" ">
      <subfield code="a">bibRFK00057338</subfield>
    </datafield>
    <datafield tag="040" ind1=" " ind2=" ">
      <subfield code="a">RFMK</subfield>
    </datafield>
    <datafield tag="041" ind1=" " ind2=" ">
      <subfield code="a">hun</subfield>
    </datafield>
    <datafield tag="245" ind1="0" ind2="0">
      <subfield code="a">"100 éves a Balaton-kutatás" :</subfield>
      <subfield code="b">XXXIII. Hidrobiológus Napok : Tihany, 1991. október 16-18. : program és előadáskivonatok /</subfield>
      <subfield code="c">[rend., közread. a] Magyar Hidrológiai Társaság Limnológiai Szakosztálya ... [etc.]</subfield>
    </datafield>
    <datafield tag="260" ind1=" " ind2=" ">
      <subfield code="a">Budapest :</subfield>
      <subfield code="b">Magyar Hidrológiai Társaság,</subfield>
      <subfield code="c">[1991]</subfield>
    </datafield>
    <datafield tag="300" ind1=" " ind2=" ">
      <subfield code="a">71 p. ;</subfield>
      <subfield code="c">21 cm</subfield>
    </datafield>
    <datafield tag="500" ind1=" " ind2=" ">
      <subfield code="a">r</subfield>
    </datafield>
    <datafield tag="650" ind1=" " ind2="4">
      <subfield code="a">hidrobiológia</subfield>
    </datafield>
    <datafield tag="650" ind1=" " ind2="4">
      <subfield code="a">természetvédelem</subfield>
    </datafield>
    <datafield tag="650" ind1=" " ind2="4">
      <subfield code="a">konferenciák</subfield>
    </datafield>
    <datafield tag="650" ind1=" " ind2="4">
      <subfield code="a">1991</subfield>
    </datafield>
    <datafield tag="651" ind1=" " ind2="4">
      <subfield code="a">Balaton</subfield>
    </datafield>
    <datafield tag="710" ind1="2" ind2=" ">
      <subfield code="a">Magyar Hidrológiai Társaság.</subfield>
      <subfield code="b">Limnológiai Szakosztály</subfield>
      <subfield code="4">rend.</subfield>
      <subfield code="4">közread.</subfield>
    </datafield>
    <datafield tag="711" ind1="2" ind2=" ">
      <subfield code="a">Hidrobiológus Napok</subfield>
      <subfield code="n">(33.)</subfield>
      <subfield code="d">(1991)</subfield>
      <subfield code="c">(Tihany)</subfield>
      <subfield code="4">mt.</subfield>
    </datafield>
    <datafield tag="852" ind1=" " ind2=" ">
      <subfield code="a">M2</subfield>
      <subfield code="b">M2</subfield>
      <subfield code="x">bibRFK00057338</subfield>
    </datafield>
  </record>