
  <record>
    <leader>01001cam  22002411  4500</leader>
    <controlfield tag="001">MOKKAZ0003236087  </controlfield>
    <controlfield tag="005">20091024123909.0</controlfield>
    <controlfield tag="008">      s1991    hu            00    hun d</controlfield>
    <datafield tag="020" ind1=" " ind2=" ">
      <subfield code="a">963 04 0027 8</subfield>
    </datafield>
    <datafield tag="035" ind1=" " ind2=" ">
      <subfield code="a">ISISIIF0011807</subfield>
    </datafield>
    <datafield tag="040" ind1=" " ind2=" ">
      <subfield code="a">DEENK</subfield>
    </datafield>
    <datafield tag="080" ind1=" " ind2=" ">
      <subfield code="a">574.5(439.11Balaton)"189/199"(061.3)</subfield>
    </datafield>
    <datafield tag="080" ind1=" " ind2=" ">
      <subfield code="a">55(439.11Balaton)"189/199"(061.3)</subfield>
    </datafield>
    <datafield tag="245" ind1="0" ind2="0">
      <subfield code="a">100 éves a Balaton-kutatás :</subfield>
      <subfield code="b">XXXIII: Hidrológus napok : Tihany, 1991. október 16-18. : (Program és előadáskivonatok) /</subfield>
      <subfield code="c">rend.] a Magyar Hidrológiai Társaság Limnológiai Szakosztálya [et al.]</subfield>
    </datafield>
    <datafield tag="260" ind1=" " ind2=" ">
      <subfield code="a">Budapest :</subfield>
      <subfield code="b">Magyar Hidrológiai T.,</subfield>
      <subfield code="c">1991</subfield>
    </datafield>
    <datafield tag="300" ind1=" " ind2=" ">
      <subfield code="a">160 p. ;</subfield>
      <subfield code="c">21 cm</subfield>
    </datafield>
    <datafield tag="651" ind1=" " ind2="4">
      <subfield code="a">Balaton (Magyarország)</subfield>
      <subfield code="x">kutatás</subfield>
    </datafield>
    <datafield tag="651" ind1=" " ind2="0">
      <subfield code="a">Balaton, Lake (Hungary)</subfield>
      <subfield code="x">Research.</subfield>
    </datafield>
    <datafield tag="695" ind1=" " ind2=" ">
      <subfield code="a">Balaton-kutatás</subfield>
      <subfield code="x">hidrológus kongresszus</subfield>
    </datafield>
    <datafield tag="710" ind1="2" ind2=" ">
      <subfield code="a">Magyar Hidrológiai Társaság.</subfield>
      <subfield code="b">Limnológiai Szakosztály.</subfield>
    </datafield>
    <datafield tag="711" ind1="2" ind2=" ">
      <subfield code="a">Hidrológus napok</subfield>
      <subfield code="n">(33)</subfield>
      <subfield code="d">(1991)</subfield>
      <subfield code="c">(Tihany)</subfield>
    </datafield>
    <datafield tag="852" ind1=" " ind2=" ">
      <subfield code="a">D1</subfield>
      <subfield code="b">D1</subfield>
      <subfield code="x">ISISIIF0011807</subfield>
    </datafield>
    <datafield tag="852" ind1=" " ind2=" ">
      <subfield code="a">B3</subfield>
      <subfield code="b">B3</subfield>
      <subfield code="x">000148992</subfield>
    </datafield>
  </record>