
  <record>
    <leader>00924nam  2200265 ir4500</leader>
    <controlfield tag="001">MOKKAZ0006308123  </controlfield>
    <controlfield tag="005">20040915190640.0</controlfield>
    <controlfield tag="008">930708s1991    hu a     b    100 0 hun d</controlfield>
    <datafield tag="020" ind1=" " ind2=" ">
      <subfield code="a">963-04-2779-6 (kötött)</subfield>
    </datafield>
    <datafield tag="020" ind1=" " ind2=" ">
      <subfield code="z">963 04 00278</subfield>
    </datafield>
    <datafield tag="035" ind1=" " ind2=" ">
      <subfield code="a">41005</subfield>
    </datafield>
    <datafield tag="040" ind1=" " ind2=" ">
      <subfield code="a">OSZK</subfield>
    </datafield>
    <datafield tag="041" ind1="0" ind2=" ">
      <subfield code="a">hunhun</subfield>
    </datafield>
    <datafield tag="072" ind1=" " ind2="1">
      <subfield code="a">S</subfield>
    </datafield>
    <datafield tag="072" ind1=" " ind2="1">
      <subfield code="a">M</subfield>
    </datafield>
    <datafield tag="245" ind1="0" ind2="0">
      <subfield code="a">100 éves a Balaton-kutatás : </subfield>
      <subfield code="b">XXXIII. Hidrobiológus Napok : Tihany, 1991</subfield>
    </datafield>
    <datafield tag="260" ind1=" " ind2=" ">
      <subfield code="a">[Budapest] :</subfield>
      <subfield code="b">[MHT],</subfield>
      <subfield code="c">[1991]</subfield>
      <subfield code="e">(Nemesvámos</subfield>
      <subfield code="f">Reproprint)</subfield>
    </datafield>
    <datafield tag="300" ind1=" " ind2=" ">
      <subfield code="a">276 p. :</subfield>
      <subfield code="b">ill. ;</subfield>
      <subfield code="c">25 cm</subfield>
    </datafield>
    <datafield tag="500" ind1=" " ind2=" ">
      <subfield code="a">ISSN 0236-5804 = Hidrobiológus Napok</subfield>
    </datafield>
    <datafield tag="500" ind1=" " ind2=" ">
      <subfield code="a">Rend., közread. a Magyar Hidrológiai Társaság Limnológiai Szakosztálya etc.</subfield>
    </datafield>
    <datafield tag="504" ind1=" " ind2=" ">
      <subfield code="a">Bibliogr. az előadások végén</subfield>
    </datafield>
    <datafield tag="651" ind1=" " ind2="4">
      <subfield code="a">Balaton</subfield>
    </datafield>
    <datafield tag="710" ind1="2" ind2=" ">
      <subfield code="a">Magyar Hidrológiai Társaság</subfield>
      <subfield code="a">Limnológiai Szakosztály</subfield>
      <subfield code="4">rend., közread.</subfield>
    </datafield>
    <datafield tag="711" ind1="2" ind2=" ">
      <subfield code="a">Hidrobiológus Napok</subfield>
      <subfield code="n">33.</subfield>
      <subfield code="d">1991</subfield>
      <subfield code="c">Tihany</subfield>
      <subfield code="4">mt.</subfield>
    </datafield>
    <datafield tag="852" ind1=" " ind2=" ">
      <subfield code="a">B1</subfield>
      <subfield code="b">B1</subfield>
      <subfield code="x">41005</subfield>
    </datafield>
  </record>