
  <record>
    <leader>00698nam  2200205 i 4500</leader>
    <controlfield tag="001">MOKKAN0004693318  </controlfield>
    <controlfield tag="005">20070703004059.0</controlfield>
    <controlfield tag="008">940728s1991                 u    j hun d</controlfield>
    <datafield tag="035" ind1=" " ind2=" ">
      <subfield code="a">KÉE40334</subfield>
    </datafield>
    <datafield tag="040" ind1=" " ind2=" ">
      <subfield code="a">BCEEFK</subfield>
    </datafield>
    <datafield tag="041" ind1="0" ind2=" ">
      <subfield code="a">hun</subfield>
    </datafield>
    <datafield tag="111" ind1="2" ind2="0">
      <subfield code="a">Hidrobiológus napok</subfield>
      <subfield code="n">33.</subfield>
      <subfield code="d">1991</subfield>
      <subfield code="c">Tihany</subfield>
    </datafield>
    <datafield tag="245" ind1="1" ind2="0">
      <subfield code="a">"100 éves a Balaton-kutatás" : </subfield>
      <subfield code="b">Program és előadáskivonatok /</subfield>
      <subfield code="c">[közread. a] Magyar Hidrológiai Társaság, Magyar Tudományos Akadémia</subfield>
    </datafield>
    <datafield tag="260" ind1=" " ind2=" ">
      <subfield code="a">[Tihany] :</subfield>
      <subfield code="b">[s.n.],</subfield>
      <subfield code="c">1991</subfield>
    </datafield>
    <datafield tag="300" ind1=" " ind2=" ">
      <subfield code="a">71 p.</subfield>
    </datafield>
    <datafield tag="650" ind1=" " ind2="4">
      <subfield code="a">Balaton</subfield>
    </datafield>
    <datafield tag="650" ind1=" " ind2="4">
      <subfield code="a">Hidrobiológia</subfield>
    </datafield>
    <datafield tag="650" ind1=" " ind2="4">
      <subfield code="a">Balatonkutatás</subfield>
    </datafield>
    <datafield tag="710" ind1="2" ind2=" ">
      <subfield code="a">Magyar Hidrológiai Társaság, Magyar Tudományos Akadémia</subfield>
      <subfield code="4">közr.</subfield>
    </datafield>
    <datafield tag="852" ind1=" " ind2=" ">
      <subfield code="a">B503</subfield>
      <subfield code="b">B503</subfield>
      <subfield code="x">KÉE40334</subfield>
    </datafield>
  </record>