
  <record>
    <leader>00744aam  2200205 i 4500</leader>
    <controlfield tag="001">MOKKAZ0006296686  </controlfield>
    <controlfield tag="005">20040915185713.0</controlfield>
    <controlfield tag="008">940511t19811980hu a          000 0 hun d</controlfield>
    <datafield tag="020" ind1=" " ind2=" ">
      <subfield code="a">963-7300-31-7 (fűzött)</subfield>
    </datafield>
    <datafield tag="035" ind1=" " ind2=" ">
      <subfield code="a">736698</subfield>
    </datafield>
    <datafield tag="040" ind1=" " ind2=" ">
      <subfield code="a">OSZK</subfield>
    </datafield>
    <datafield tag="041" ind1="0" ind2=" ">
      <subfield code="a">hunhun</subfield>
    </datafield>
    <datafield tag="072" ind1=" " ind2="1">
      <subfield code="a">F</subfield>
    </datafield>
    <datafield tag="100" ind1="1" ind2=" ">
      <subfield code="a">Magyar János</subfield>
    </datafield>
    <datafield tag="245" ind1="1" ind2="0">
      <subfield code="a">100 éves a Magyar Vöröskereszt, 60 éves az Ifjúsági Vöröskereszt /</subfield>
      <subfield code="c">[írta és szerkesztette Magyar János] ; [kiadja a Magyar Vöröskereszt Budapesti Vezetősége]</subfield>
    </datafield>
    <datafield tag="260" ind1=" " ind2=" ">
      <subfield code="a">Budapest :</subfield>
      <subfield code="b">M. Vöröskereszt,</subfield>
      <subfield code="c">[1981]</subfield>
      <subfield code="e">(Budapest</subfield>
      <subfield code="f">Zrínyi)</subfield>
    </datafield>
    <datafield tag="300" ind1=" " ind2=" ">
      <subfield code="a">32 p. :</subfield>
      <subfield code="b">ill. ;</subfield>
      <subfield code="c">15x23 cm</subfield>
    </datafield>
    <datafield tag="610" ind1="2" ind2="4">
      <subfield code="a">Magyar Vöröskereszt</subfield>
    </datafield>
    <datafield tag="710" ind1="2" ind2=" ">
      <subfield code="a">Magyar Vöröskereszt</subfield>
      <subfield code="a">Budapesti Vezetőség</subfield>
      <subfield code="4">közread.</subfield>
    </datafield>
    <datafield tag="852" ind1=" " ind2=" ">
      <subfield code="a">B1</subfield>
      <subfield code="b">B1</subfield>
      <subfield code="x">736698</subfield>
    </datafield>
  </record>