
  <record>
    <leader>00658nam  2200169 i 4500</leader>
    <controlfield tag="001">MOKKAZ0004978697  </controlfield>
    <controlfield tag="005">20040910122956.0</controlfield>
    <controlfield tag="008">000808s1963    hu                  hun d</controlfield>
    <datafield tag="035" ind1=" " ind2=" ">
      <subfield code="a">bibPOT118060</subfield>
    </datafield>
    <datafield tag="040" ind1=" " ind2=" ">
      <subfield code="a">PTE</subfield>
    </datafield>
    <datafield tag="245" ind1="0" ind2="0">
      <subfield code="a">100 éves a Vöröskereszt önkéntes emberbaráti szervezete  :</subfield>
      <subfield code="b">készüljünk a Magyar Vöröskereszt 2. Kongresszusára /</subfield>
      <subfield code="c">Magyar Vöröskereszt Baranya Megyei Szervezete</subfield>
    </datafield>
    <datafield tag="260" ind1=" " ind2=" ">
      <subfield code="a">Pécs :</subfield>
      <subfield code="b">M. Vöröskereszt,</subfield>
      <subfield code="c">1963</subfield>
    </datafield>
    <datafield tag="300" ind1=" " ind2=" ">
      <subfield code="a">8 p. </subfield>
      <subfield code="c">21 cm</subfield>
    </datafield>
    <datafield tag="610" ind1="2" ind2=" ">
      <subfield code="a">Nemzetközi Vöröskereszt</subfield>
    </datafield>
    <datafield tag="650" ind1=" " ind2="4">
      <subfield code="a">nemzetközi szervezetek</subfield>
      <subfield code="x">Vöröskereszt</subfield>
    </datafield>
    <datafield tag="710" ind1="2" ind2=" ">
      <subfield code="a">Magyar Vöröskereszt.</subfield>
      <subfield code="b">Baranya Megyei Szervezet</subfield>
    </datafield>
    <datafield tag="852" ind1=" " ind2=" ">
      <subfield code="a">P1</subfield>
      <subfield code="b">P1</subfield>
      <subfield code="x">bibPOT118060</subfield>
    </datafield>
  </record>