
  <record>
    <leader>00503nam  2200169   4500</leader>
    <controlfield tag="001">MOKKAZ0004841605  </controlfield>
    <controlfield tag="005">20100816132834.0</controlfield>
    <controlfield tag="008">980313s1997    hu            00010 hun d</controlfield>
    <datafield tag="035" ind1=" " ind2=" ">
      <subfield code="a">bibJPT00117857</subfield>
    </datafield>
    <datafield tag="040" ind1=" " ind2=" ">
      <subfield code="a">PTE</subfield>
    </datafield>
    <datafield tag="100" ind1="1" ind2=" ">
      <subfield code="a">Majdán János</subfield>
      <subfield code="d">(1952-)</subfield>
    </datafield>
    <datafield tag="245" ind1="1" ind2="0">
      <subfield code="a">100 éves a Sárköz vasútja /</subfield>
      <subfield code="c">[Majdán János]</subfield>
    </datafield>
    <datafield tag="260" ind1=" " ind2=" ">
      <subfield code="a">[Pécs] :</subfield>
      <subfield code="b">[Majdán J.],</subfield>
      <subfield code="c">1997</subfield>
    </datafield>
    <datafield tag="300" ind1=" " ind2=" ">
      <subfield code="a">17 p. :</subfield>
      <subfield code="b">ill. ;</subfield>
      <subfield code="c">21 cm</subfield>
    </datafield>
    <datafield tag="695" ind1=" " ind2=" ">
      <subfield code="a">Vasúttörténet, magyar</subfield>
    </datafield>
    <datafield tag="695" ind1=" " ind2=" ">
      <subfield code="a">Dunántúl</subfield>
    </datafield>
    <datafield tag="852" ind1=" " ind2=" ">
      <subfield code="a">P1</subfield>
      <subfield code="B">P1</subfield>
      <subfield code="B">P1/FK</subfield>
      <subfield code="b">P1/TT</subfield>
      <subfield code="x">bibJPT00117857</subfield>
    </datafield>
  </record>