
  <record>
    <leader>00748cam  22002051i 4500</leader>
    <controlfield tag="001">MOKKAS0001895653  </controlfield>
    <controlfield tag="005">20060531013704.0</controlfield>
    <controlfield tag="008">000324q1999    hu ao         01000 hun d</controlfield>
    <datafield tag="020" ind1=" " ind2=" ">
      <subfield code="a">963 03 8353 5</subfield>
    </datafield>
    <datafield tag="035" ind1=" " ind2=" ">
      <subfield code="a">91246</subfield>
    </datafield>
    <datafield tag="040" ind1=" " ind2=" ">
      <subfield code="a">ELTE</subfield>
    </datafield>
    <datafield tag="041" ind1="1" ind2=" ">
      <subfield code="a">hun</subfield>
    </datafield>
    <datafield tag="245" ind1="0" ind2="0">
      <subfield code="a">100 éves a Szentendrei Kolping Család =</subfield>
      <subfield code="b">100 Jahre Kolpingfamilie Szentendre ; 1899-1999</subfield>
      <subfield code="c">/ [Szentendrei Kolping Család Egyesület ; felelős kiadó Makay László]. -</subfield>
    </datafield>
    <datafield tag="260" ind1=" " ind2=" ">
      <subfield code="a">Szentendre :</subfield>
      <subfield code="b">Szentendrei Kolping Család Egyesület,</subfield>
      <subfield code="c">1999. -</subfield>
    </datafield>
    <datafield tag="300" ind1=" " ind2=" ">
      <subfield code="a">51 p. :</subfield>
      <subfield code="b">ill. ;</subfield>
      <subfield code="c">21 cm.</subfield>
    </datafield>
    <datafield tag="600" ind1="3" ind2="4">
      <subfield code="a">Kolping család</subfield>
    </datafield>
    <datafield tag="650" ind1="0" ind2="4">
      <subfield code="a">legényegylet</subfield>
      <subfield code="y">20. sz.</subfield>
      <subfield code="z">magyarországi német</subfield>
    </datafield>
    <datafield tag="700" ind1="1" ind2=" ">
      <subfield code="a">Makay László</subfield>
    </datafield>
    <datafield tag="711" ind1="2" ind2=" ">
      <subfield code="a">Szentendrei Kolping Család Egyesület</subfield>
    </datafield>
    <datafield tag="852" ind1=" " ind2=" ">
      <subfield code="a">B2</subfield>
      <subfield code="b">B2</subfield>
      <subfield code="x">91246</subfield>
    </datafield>
  </record>