
  <record>
    <leader>00959nam  2200229 i 4500</leader>
    <controlfield tag="001">MOKKAS0001159768  </controlfield>
    <controlfield tag="005">20060114195858.0</controlfield>
    <controlfield tag="008">050903s1996    hu            00010 hun d</controlfield>
    <datafield tag="020" ind1=" " ind2=" ">
      <subfield code="a">963-04-6392-X</subfield>
    </datafield>
    <datafield tag="035" ind1=" " ind2=" ">
      <subfield code="a">bibBKO00198001</subfield>
    </datafield>
    <datafield tag="040" ind1=" " ind2=" ">
      <subfield code="a">BMK</subfield>
    </datafield>
    <datafield tag="245" ind1="0" ind2="0">
      <subfield code="a">100 éves a szabadalmi rendszer Magyarországon /</subfield>
      <subfield code="c">[... szerk. biz. Mándi Attila ... et al.] ; [kiad. Magyar Iparjogvédelmi Egyesület</subfield>
    </datafield>
    <datafield tag="260" ind1=" " ind2=" ">
      <subfield code="a">[Budapest] :</subfield>
      <subfield code="b">Magyar Iparjogvédelmi Egyesület,</subfield>
      <subfield code="c">1996</subfield>
    </datafield>
    <datafield tag="300" ind1=" " ind2=" ">
      <subfield code="a">178 p. :</subfield>
      <subfield code="b">ill. ;</subfield>
      <subfield code="c">22 cm</subfield>
    </datafield>
    <datafield tag="504" ind1=" " ind2=" ">
      <subfield code="a">A Magyar Iparjogvédelmi Egyesület közleményei különszáma. - Bibliogr. egyes tanulmányok végén. - Angol nyelven is</subfield>
    </datafield>
    <datafield tag="650" ind1=" " ind2="4">
      <subfield code="a">szabadalmak ld. még találmányok</subfield>
    </datafield>
    <datafield tag="650" ind1=" " ind2="4">
      <subfield code="a">szabadalmak - Magyarország</subfield>
    </datafield>
    <datafield tag="650" ind1=" " ind2="4">
      <subfield code="a">szabadalmi jog - Magyarország</subfield>
    </datafield>
    <datafield tag="650" ind1=" " ind2="4">
      <subfield code="a">jog, szabadalmi ld. szabadalmi jog</subfield>
    </datafield>
    <datafield tag="700" ind1="1" ind2=" ">
      <subfield code="a">Mándi Attila</subfield>
      <subfield code="4">szerk.</subfield>
    </datafield>
    <datafield tag="710" ind1="2" ind2=" ">
      <subfield code="a">Magyar Iparjogvédelmi Egyesület</subfield>
      <subfield code="4">közread.</subfield>
    </datafield>
    <datafield tag="852" ind1=" " ind2=" ">
      <subfield code="a">BCS1</subfield>
      <subfield code="b">BCS1</subfield>
      <subfield code="x">bibBKO00198001</subfield>
    </datafield>
  </record>