
  <record>
    <leader>00638nam  2200193 i 4500</leader>
    <controlfield tag="001">MOKKAZ0003292536  </controlfield>
    <controlfield tag="005">20040909174857.0</controlfield>
    <controlfield tag="008">      s1995    hu a          00010 hun d</controlfield>
    <datafield tag="020" ind1=" " ind2=" ">
      <subfield code="a">963 04 4798 3</subfield>
    </datafield>
    <datafield tag="035" ind1=" " ind2=" ">
      <subfield code="a">bibKLT00066572</subfield>
    </datafield>
    <datafield tag="040" ind1=" " ind2=" ">
      <subfield code="a">DEENK</subfield>
    </datafield>
    <datafield tag="041" ind1="1" ind2=" ">
      <subfield code="a">hungereng</subfield>
    </datafield>
    <datafield tag="100" ind1="1" ind2=" ">
      <subfield code="a">Marczis Ervin</subfield>
    </datafield>
    <datafield tag="245" ind1="1" ind2="0">
      <subfield code="a">100 éves a magyar állami hajózás =</subfield>
      <subfield code="b">100 Jahre ungarische Staatsshiffahrt = The 100 years old Hungarian state navigation /</subfield>
      <subfield code="c">írta Marczis Ervin</subfield>
    </datafield>
    <datafield tag="260" ind1="1" ind2=" ">
      <subfield code="a">Budapest :</subfield>
      <subfield code="b">MAHART,</subfield>
      <subfield code="c">[1995]</subfield>
    </datafield>
    <datafield tag="300" ind1=" " ind2=" ">
      <subfield code="a">92 p. :</subfield>
      <subfield code="b">ill. ;</subfield>
      <subfield code="c">30 cm</subfield>
    </datafield>
    <datafield tag="504" ind1=" " ind2=" ">
      <subfield code="a">Bibliogr.: p. 90-91.</subfield>
    </datafield>
    <datafield tag="695" ind1=" " ind2=" ">
      <subfield code="a">hajózás</subfield>
      <subfield code="x">történet</subfield>
    </datafield>
    <datafield tag="852" ind1=" " ind2=" ">
      <subfield code="a">D1</subfield>
      <subfield code="b">D1</subfield>
      <subfield code="x">bibKLT00066572</subfield>
    </datafield>
  </record>