
  <record>
    <leader>00717nam  2200205 i 4500</leader>
    <controlfield tag="001">MOKKAZ0006457147  </controlfield>
    <controlfield tag="005">20040915203536.0</controlfield>
    <controlfield tag="008">030320s1999    hu ao    b    000 0dhun d</controlfield>
    <datafield tag="035" ind1=" " ind2=" ">
      <subfield code="a">958986</subfield>
    </datafield>
    <datafield tag="040" ind1=" " ind2=" ">
      <subfield code="a">OSZK</subfield>
    </datafield>
    <datafield tag="041" ind1="0" ind2=" ">
      <subfield code="a">hunhun</subfield>
      <subfield code="b">ger</subfield>
    </datafield>
    <datafield tag="245" ind1="0" ind2="0">
      <subfield code="a">100 éves a keszthelyi Balatoni Múzeum /</subfield>
      <subfield code="c">[előszó, szerk. Müller Róbert].</subfield>
    </datafield>
    <datafield tag="260" ind1=" " ind2=" ">
      <subfield code="a">Zalaegerszeg :</subfield>
      <subfield code="b">Zala M. Múz. Ig.,</subfield>
      <subfield code="c">1999</subfield>
      <subfield code="e">([Zalaegerszeg]</subfield>
      <subfield code="f">Zalai Ny.)</subfield>
    </datafield>
    <datafield tag="300" ind1=" " ind2=" ">
      <subfield code="a">299 p. :</subfield>
      <subfield code="b">ill. ;</subfield>
      <subfield code="c">29 cm</subfield>
    </datafield>
    <datafield tag="500" ind1=" " ind2=" ">
      <subfield code="a">A Zalai Múzeum, ISSN 0238-5139, 1999. évi 9. száma</subfield>
    </datafield>
    <datafield tag="500" ind1=" " ind2=" ">
      <subfield code="a">Összefoglalás német nyelven</subfield>
    </datafield>
    <datafield tag="504" ind1=" " ind2=" ">
      <subfield code="a">Bibliogr. a jegyzetekben</subfield>
    </datafield>
    <datafield tag="610" ind1="2" ind2="4">
      <subfield code="a">Balatoni Múzeum (Keszthely)</subfield>
    </datafield>
    <datafield tag="700" ind1="1" ind2=" ">
      <subfield code="a">Müller Róbert</subfield>
      <subfield code="d">(1944-)</subfield>
      <subfield code="4">(szerk.)</subfield>
    </datafield>
    <datafield tag="852" ind1=" " ind2=" ">
      <subfield code="a">B1</subfield>
      <subfield code="b">B1</subfield>
      <subfield code="x">958986</subfield>
    </datafield>
  </record>