
  <record>
    <leader>00764nam  2200229 i 4500</leader>
    <controlfield tag="001">MOKKAN0004571080  </controlfield>
    <controlfield tag="005">20070503003931.0</controlfield>
    <controlfield tag="008">020309s1995                            d</controlfield>
    <datafield tag="035" ind1=" " ind2=" ">
      <subfield code="a">150317660</subfield>
    </datafield>
    <datafield tag="040" ind1=" " ind2=" ">
      <subfield code="a">BDK</subfield>
    </datafield>
    <datafield tag="100" ind1="1" ind2=" ">
      <subfield code="a">Naszádos István</subfield>
      <subfield code="c">helyi szerző</subfield>
      <subfield code="d">(1920-)</subfield>
    </datafield>
    <datafield tag="245" ind1="0" ind2="0">
      <subfield code="a">100 éves a Sárvári Cukorgyár (1895-1995) /</subfield>
      <subfield code="c">Naszádos István ; ill.: BODROGI Tamás ; közrem.: BODROGI Tamás</subfield>
    </datafield>
    <datafield tag="260" ind1=" " ind2=" ">
      <subfield code="a">Sárvár,</subfield>
      <subfield code="c">1995</subfield>
    </datafield>
    <datafield tag="300" ind1=" " ind2=" ">
      <subfield code="c">132 p. : ill. + 1 térk.</subfield>
    </datafield>
    <datafield tag="653" ind1=" " ind2=" ">
      <subfield code="a">Sárvár</subfield>
    </datafield>
    <datafield tag="653" ind1=" " ind2=" ">
      <subfield code="a">centenárium</subfield>
    </datafield>
    <datafield tag="653" ind1=" " ind2=" ">
      <subfield code="a">cukorgyár</subfield>
    </datafield>
    <datafield tag="653" ind1=" " ind2=" ">
      <subfield code="a">évforduló</subfield>
    </datafield>
    <datafield tag="653" ind1=" " ind2=" ">
      <subfield code="a">üzemtörténet</subfield>
    </datafield>
    <datafield tag="700" ind1="1" ind2=" ">
      <subfield code="a">BODROGI Tamás</subfield>
      <subfield code="c">(betöltött szerző)</subfield>
      <subfield code="4">(illusztrálta)</subfield>
    </datafield>
    <datafield tag="700" ind1="1" ind2=" ">
      <subfield code="a">BODROGI Tamás</subfield>
      <subfield code="c">(betöltött szerző)</subfield>
      <subfield code="4">(közrem.)</subfield>
    </datafield>
    <datafield tag="852" ind1=" " ind2=" ">
      <subfield code="a">SZO1</subfield>
      <subfield code="b">SZO1</subfield>
      <subfield code="x">150317660</subfield>
    </datafield>
  </record>