
  <record>
    <leader>01147fam  2200313 i 4500</leader>
    <controlfield tag="001">MOKKAZ0006333098  </controlfield>
    <controlfield tag="005">20040915192929.0</controlfield>
    <controlfield tag="008">951107s1995    hu odf   b    010 0 hun d</controlfield>
    <datafield tag="020" ind1=" " ind2=" ">
      <subfield code="a">963-02-9792-2 (fűzött) :</subfield>
      <subfield code="c">500,- Ft</subfield>
    </datafield>
    <datafield tag="035" ind1=" " ind2=" ">
      <subfield code="a">157613</subfield>
    </datafield>
    <datafield tag="040" ind1=" " ind2=" ">
      <subfield code="a">OSZK</subfield>
    </datafield>
    <datafield tag="041" ind1="0" ind2=" ">
      <subfield code="a">hunhun</subfield>
    </datafield>
    <datafield tag="100" ind1="1" ind2=" ">
      <subfield code="a">Naszádos István</subfield>
    </datafield>
    <datafield tag="245" ind1="1" ind2="0">
      <subfield code="a">100 éves a Sárvári Cukorgyár : </subfield>
      <subfield code="b">1895-1995 /</subfield>
      <subfield code="c">Naszádos István ; [fotó Bodrogi Tamás] ; [közread. a] Magyar Cukor Rt. Sárvári Cukorgyára</subfield>
    </datafield>
    <datafield tag="260" ind1=" " ind2=" ">
      <subfield code="a">Sárvár :</subfield>
      <subfield code="b">M. Cukor Rt. Sárvári Cukorgyár,</subfield>
      <subfield code="c">1995</subfield>
      <subfield code="e">(Szombathely</subfield>
      <subfield code="f">Szignatúra)</subfield>
    </datafield>
    <datafield tag="300" ind1=" " ind2=" ">
      <subfield code="a">132 p. :</subfield>
      <subfield code="b">ill. ;</subfield>
      <subfield code="c">24 cm +</subfield>
      <subfield code="e">1 mell.</subfield>
    </datafield>
    <datafield tag="504" ind1=" " ind2=" ">
      <subfield code="a">Bibliogr. a jegyzetekben</subfield>
    </datafield>
    <datafield tag="610" ind1="2" ind2="4">
      <subfield code="a">Magyar Cukor Rt.</subfield>
      <subfield code="a">Sárvári Cukorgyár</subfield>
    </datafield>
    <datafield tag="650" ind1=" " ind2="7">
      <subfield code="a">Cukoripar</subfield>
      <subfield code="x">magyar</subfield>
      <subfield code="x">története</subfield>
      <subfield code="2">szte</subfield>
    </datafield>
    <datafield tag="650" ind1=" " ind2="4">
      <subfield code="a">Sárvári Cukorgyár</subfield>
    </datafield>
    <datafield tag="650" ind1=" " ind2="4">
      <subfield code="a">gyártörténet</subfield>
    </datafield>
    <datafield tag="650" ind1=" " ind2="4">
      <subfield code="a">1895-1995</subfield>
    </datafield>
    <datafield tag="700" ind1="1" ind2=" ">
      <subfield code="a">Bodrogi Tamás</subfield>
      <subfield code="4">(fotó)</subfield>
    </datafield>
    <datafield tag="710" ind1="2" ind2=" ">
      <subfield code="a">Magyar Cukor Rt</subfield>
      <subfield code="a">Sárvári Cukorgyár</subfield>
      <subfield code="4">közread.</subfield>
    </datafield>
    <datafield tag="852" ind1=" " ind2=" ">
      <subfield code="a">B1</subfield>
      <subfield code="b">B1</subfield>
      <subfield code="x">157613</subfield>
    </datafield>
    <datafield tag="852" ind1=" " ind2=" ">
      <subfield code="a">SZ1</subfield>
      <subfield code="b">SZ1</subfield>
      <subfield code="x">bibJAT00319383</subfield>
    </datafield>
    <datafield tag="852" ind1=" " ind2=" ">
      <subfield code="a">B503</subfield>
      <subfield code="b">B503</subfield>
      <subfield code="x">KÉE40355</subfield>
    </datafield>
    <datafield tag="852" ind1=" " ind2=" ">
      <subfield code="a">B11</subfield>
      <subfield code="b">B11</subfield>
      <subfield code="x">BMEOMIKK000104031</subfield>
    </datafield>
    <datafield tag="852" ind1=" " ind2=" ">
      <subfield code="a">M2</subfield>
      <subfield code="b">M2</subfield>
      <subfield code="x">bibRFK00040101</subfield>
    </datafield>
  </record>