
  <record>
    <leader>00705nam  2200205 i 4500</leader>
    <controlfield tag="001">MOKKAZ0006439576  </controlfield>
    <controlfield tag="005">20040915202609.0</controlfield>
    <controlfield tag="008">020128s2001    hu a          000 0 hun d</controlfield>
    <datafield tag="035" ind1=" " ind2=" ">
      <subfield code="a">911573</subfield>
    </datafield>
    <datafield tag="040" ind1=" " ind2=" ">
      <subfield code="a">OSZK</subfield>
    </datafield>
    <datafield tag="041" ind1="0" ind2=" ">
      <subfield code="a">hunhun</subfield>
    </datafield>
    <datafield tag="072" ind1=" " ind2="1">
      <subfield code="a">Z</subfield>
    </datafield>
    <datafield tag="245" ind1="0" ind2="0">
      <subfield code="a">100 éves a Monori Sportegyesület, 1901-2001 /</subfield>
      <subfield code="c">[szerk. Németh László] ; [szerzők Asztalos Lajos et al.] ; [közread. a Monori Sportegyesület].</subfield>
    </datafield>
    <datafield tag="260" ind1=" " ind2=" ">
      <subfield code="a">Monor :</subfield>
      <subfield code="b">Monori Sportegyes.,</subfield>
      <subfield code="c">2001</subfield>
      <subfield code="e">(Monor</subfield>
      <subfield code="f">Tied Ny.)</subfield>
    </datafield>
    <datafield tag="300" ind1=" " ind2=" ">
      <subfield code="a">60 p. :</subfield>
      <subfield code="b">ill. ;</subfield>
      <subfield code="c">20 cm</subfield>
    </datafield>
    <datafield tag="610" ind1="2" ind2="4">
      <subfield code="a">Monori Sportegyesület</subfield>
    </datafield>
    <datafield tag="700" ind1="1" ind2=" ">
      <subfield code="a">Németh László</subfield>
      <subfield code="4">(szerk.)</subfield>
    </datafield>
    <datafield tag="700" ind1="1" ind2=" ">
      <subfield code="a">Asztalos Lajos</subfield>
      <subfield code="4">(közrem.)</subfield>
    </datafield>
    <datafield tag="710" ind1="2" ind2=" ">
      <subfield code="a">Monori Sportegyesület</subfield>
      <subfield code="4">közread.</subfield>
    </datafield>
    <datafield tag="852" ind1=" " ind2=" ">
      <subfield code="a">B1</subfield>
      <subfield code="b">B1</subfield>
      <subfield code="x">911573</subfield>
    </datafield>
  </record>