
  <record>
    <leader>00861aam  2200229 i 4500</leader>
    <controlfield tag="001">MOKKAZ0006229996  </controlfield>
    <controlfield tag="005">20040915182142.0</controlfield>
    <controlfield tag="008">940509t19781978hu a          000 0 hun d</controlfield>
    <datafield tag="020" ind1=" " ind2=" ">
      <subfield code="a">963-01-1317-1 (v.)</subfield>
    </datafield>
    <datafield tag="035" ind1=" " ind2=" ">
      <subfield code="a">509673</subfield>
    </datafield>
    <datafield tag="040" ind1=" " ind2=" ">
      <subfield code="a">OSZK</subfield>
    </datafield>
    <datafield tag="041" ind1="0" ind2=" ">
      <subfield code="a">hunhun</subfield>
      <subfield code="b">engrusger</subfield>
    </datafield>
    <datafield tag="072" ind1=" " ind2="1">
      <subfield code="a">V</subfield>
    </datafield>
    <datafield tag="245" ind1="1" ind2="0">
      <subfield code="a">100 éves a magyar vetőmagvizsgálat : </subfield>
      <subfield code="b">1878-1978 /</subfield>
      <subfield code="c">[közr., összeáll. az] Országos Vetőmag és Szaporítóanyag Felügyelőség</subfield>
    </datafield>
    <datafield tag="260" ind1=" " ind2=" ">
      <subfield code="a">Budapest :</subfield>
      <subfield code="b">OVSZF,</subfield>
      <subfield code="c">1978</subfield>
      <subfield code="e">(Budapest</subfield>
      <subfield code="f">Akad. Ny.)</subfield>
    </datafield>
    <datafield tag="300" ind1=" " ind2=" ">
      <subfield code="a">67 l., [4] t.lev., [8] t.l. :</subfield>
      <subfield code="b">ill., részben színes ;</subfield>
      <subfield code="c">25 cm</subfield>
    </datafield>
    <datafield tag="500" ind1=" " ind2=" ">
      <subfield code="a">Summaries in English</subfield>
    </datafield>
    <datafield tag="500" ind1=" " ind2=" ">
      <subfield code="a">Rezjume na russkom jazyke</subfield>
    </datafield>
    <datafield tag="500" ind1=" " ind2=" ">
      <subfield code="a">Deutschsprachige Zusammenfassungen</subfield>
    </datafield>
    <datafield tag="710" ind1="2" ind2=" ">
      <subfield code="a">Országos Vetőmag és Szaporítóanyag Felügyelőség (Budapest)</subfield>
      <subfield code="4">összeáll.</subfield>
    </datafield>
    <datafield tag="852" ind1=" " ind2=" ">
      <subfield code="a">B1</subfield>
      <subfield code="b">B1</subfield>
      <subfield code="x">509673</subfield>
    </datafield>
    <datafield tag="852" ind1=" " ind2=" ">
      <subfield code="a">M2</subfield>
      <subfield code="b">M2</subfield>
      <subfield code="x">bibRFK00097810</subfield>
    </datafield>
  </record>