
  <record>
    <leader>00718nam  2200217 i 4500</leader>
    <controlfield tag="001">MOKKAN0004570955  </controlfield>
    <controlfield tag="005">20070503003819.0</controlfield>
    <controlfield tag="008">020309s1991                            d</controlfield>
    <datafield tag="035" ind1=" " ind2=" ">
      <subfield code="a">150317077</subfield>
    </datafield>
    <datafield tag="040" ind1=" " ind2=" ">
      <subfield code="a">BDK</subfield>
    </datafield>
    <datafield tag="100" ind1="1" ind2=" ">
      <subfield code="a">OSZKó Zoltán</subfield>
      <subfield code="c">(betöltött szerző)</subfield>
    </datafield>
    <datafield tag="245" ind1="0" ind2="0">
      <subfield code="a">100 éves a Celldömölki Eötvös Loránd Általános Iskola, 1891-1991. : </subfield>
      <subfield code="b">Jubileumi évkönyv 1990-91 /</subfield>
      <subfield code="c">OSZKó Zoltán</subfield>
    </datafield>
    <datafield tag="260" ind1=" " ind2=" ">
      <subfield code="a">Celldömölk,</subfield>
      <subfield code="c">1991</subfield>
    </datafield>
    <datafield tag="300" ind1=" " ind2=" ">
      <subfield code="c">61 p.:ill.</subfield>
    </datafield>
    <datafield tag="653" ind1=" " ind2=" ">
      <subfield code="a">Celldömölk</subfield>
    </datafield>
    <datafield tag="653" ind1=" " ind2=" ">
      <subfield code="a">Eötvös Loránd Általános Iskola (Celldömölk)</subfield>
    </datafield>
    <datafield tag="653" ind1=" " ind2=" ">
      <subfield code="a">centenárium</subfield>
    </datafield>
    <datafield tag="653" ind1=" " ind2=" ">
      <subfield code="a">általános iskola, általános iskolások</subfield>
    </datafield>
    <datafield tag="653" ind1=" " ind2=" ">
      <subfield code="a">évforduló</subfield>
    </datafield>
    <datafield tag="653" ind1=" " ind2=" ">
      <subfield code="a">évkönyv</subfield>
    </datafield>
    <datafield tag="852" ind1=" " ind2=" ">
      <subfield code="a">SZO1</subfield>
      <subfield code="b">SZO1</subfield>
      <subfield code="x">150317077</subfield>
    </datafield>
  </record>