
  <record>
    <leader>00767aam  2200217 i 4500</leader>
    <controlfield tag="001">MOKKAZ0006243201  </controlfield>
    <controlfield tag="005">20040915182839.0</controlfield>
    <controlfield tag="008">940509s1991    hu a          010 0 hun d</controlfield>
    <datafield tag="020" ind1=" " ind2=" ">
      <subfield code="a">963-04-1519-4 (fűzött)</subfield>
    </datafield>
    <datafield tag="035" ind1=" " ind2=" ">
      <subfield code="a">559288</subfield>
    </datafield>
    <datafield tag="040" ind1=" " ind2=" ">
      <subfield code="a">OSZK</subfield>
    </datafield>
    <datafield tag="041" ind1="0" ind2=" ">
      <subfield code="a">hunhun</subfield>
    </datafield>
    <datafield tag="072" ind1=" " ind2="1">
      <subfield code="a">HA</subfield>
    </datafield>
    <datafield tag="100" ind1="1" ind2=" ">
      <subfield code="a">Oszkó Zoltán</subfield>
    </datafield>
    <datafield tag="245" ind1="1" ind2="0">
      <subfield code="a">100 éves a Celldömölki Eötvös Loránd Általános Iskola, 1891 - 1991 : </subfield>
      <subfield code="b">Jubileumi évkönyv, 1990-91. /</subfield>
      <subfield code="c">írta Oszkó Zoltán</subfield>
    </datafield>
    <datafield tag="260" ind1=" " ind2=" ">
      <subfield code="a">Celldömölk :</subfield>
      <subfield code="b">Eötvös Ált. Isk.,</subfield>
      <subfield code="c">[1991]</subfield>
      <subfield code="e">([S.l.]</subfield>
      <subfield code="f">Sabaria Tipo)</subfield>
    </datafield>
    <datafield tag="300" ind1=" " ind2=" ">
      <subfield code="a">61 p. :</subfield>
      <subfield code="b">ill. ;</subfield>
      <subfield code="c">21 cm</subfield>
    </datafield>
    <datafield tag="500" ind1=" " ind2=" ">
      <subfield code="a">1000</subfield>
    </datafield>
    <datafield tag="610" ind1="2" ind2="4">
      <subfield code="a">Eötvös Loránd Általános Iskola (Celldömölk)</subfield>
    </datafield>
    <datafield tag="710" ind1="2" ind2=" ">
      <subfield code="a">Eötvös Loránd Általános Iskola (Celldömölk)</subfield>
      <subfield code="4">közread.</subfield>
    </datafield>
    <datafield tag="852" ind1=" " ind2=" ">
      <subfield code="a">B1</subfield>
      <subfield code="b">B1</subfield>
      <subfield code="x">559288</subfield>
    </datafield>
  </record>