
  <record>
    <leader>00722cam  22002057  4500</leader>
    <controlfield tag="001">MOKKAN0004159793  </controlfield>
    <controlfield tag="005">20070314074635.0</controlfield>
    <controlfield tag="008">040316s1988    hu a          00010 hun d</controlfield>
    <datafield tag="035" ind1=" " ind2=" ">
      <subfield code="a">190179</subfield>
    </datafield>
    <datafield tag="040" ind1=" " ind2=" ">
      <subfield code="a">MEKLM</subfield>
    </datafield>
    <datafield tag="041" ind1="0" ind2=" ">
      <subfield code="a">hun</subfield>
    </datafield>
    <datafield tag="245" ind1="0" ind2="0">
      <subfield code="a">100 éves a magyarországi villamosenergia szolgáltatás :</subfield>
      <subfield code="b">1888-1988 /</subfield>
      <subfield code="c">[szerk. Berényi Endre, Petri Pál, Péti Szilveszter] ; [kiad. a Magyar Villamos Művek Tröszt]</subfield>
    </datafield>
    <datafield tag="260" ind1=" " ind2=" ">
      <subfield code="a">[Bp.] :</subfield>
      <subfield code="b">[MVMT],</subfield>
      <subfield code="c">[1988]</subfield>
    </datafield>
    <datafield tag="300" ind1=" " ind2=" ">
      <subfield code="a">54 p. :</subfield>
      <subfield code="b">ill. ;</subfield>
      <subfield code="c">28 cm</subfield>
    </datafield>
    <datafield tag="650" ind1="0" ind2="4">
      <subfield code="a">villamosenergia-ellátás</subfield>
      <subfield code="z">Magyarország</subfield>
      <subfield code="y">1888-1988</subfield>
    </datafield>
    <datafield tag="700" ind1="1" ind2=" ">
      <subfield code="a">Péti Szilveszter</subfield>
    </datafield>
    <datafield tag="700" ind1="1" ind2=" ">
      <subfield code="a">Berényi Endre</subfield>
    </datafield>
    <datafield tag="700" ind1="1" ind2=" ">
      <subfield code="a">Petri Pál</subfield>
    </datafield>
    <datafield tag="710" ind1="2" ind2=" ">
      <subfield code="a">Magyar Villamos Művek Tröszt</subfield>
      <subfield code="c">(Budapest)</subfield>
    </datafield>
    <datafield tag="852" ind1=" " ind2=" ">
      <subfield code="a">M1</subfield>
      <subfield code="b">M1</subfield>
      <subfield code="x">190179</subfield>
    </datafield>
  </record>