
  <record>
    <leader>00949nam  2200253   4500</leader>
    <controlfield tag="001">MOKKAS0002210635  </controlfield>
    <controlfield tag="005">20060525215708.0</controlfield>
    <controlfield tag="008">000404 1970    hu            00010 hun  </controlfield>
    <datafield tag="020" ind1=" " ind2=" ">
      <subfield code="a">(Kötött)</subfield>
    </datafield>
    <datafield tag="035" ind1=" " ind2=" ">
      <subfield code="a">bibSOK00071555</subfield>
    </datafield>
    <datafield tag="040" ind1=" " ind2=" ">
      <subfield code="a">SK</subfield>
    </datafield>
    <datafield tag="100" ind1="1" ind2=" ">
      <subfield code="a">Petrik Ottó</subfield>
    </datafield>
    <datafield tag="245" ind1="1" ind2="0">
      <subfield code="a">100 éves a Budai Hegypálya /</subfield>
      <subfield code="c">Petrik Ottó ; [fényképek és repr. Szabó Mihály, Wahr János]</subfield>
    </datafield>
    <datafield tag="260" ind1=" " ind2=" ">
      <subfield code="a">Bp. :</subfield>
      <subfield code="b">MVVOE,</subfield>
      <subfield code="c">1970</subfield>
    </datafield>
    <datafield tag="300" ind1=" " ind2=" ">
      <subfield code="a">64 p. :</subfield>
      <subfield code="b">ill. ;</subfield>
      <subfield code="c">20 cm</subfield>
    </datafield>
    <datafield tag="490" ind1="1" ind2=" ">
      <subfield code="a">(Vasutak világa ;</subfield>
      <subfield code="v">1.)</subfield>
    </datafield>
    <datafield tag="490" ind1="1" ind2=" ">
      <subfield code="a">(A Magyar Vasútmodellezők és Vasútbarátok Országos Egyesületének szakmai füzetei ;</subfield>
      <subfield code="v">4.)</subfield>
    </datafield>
    <datafield tag="500" ind1=" " ind2=" ">
      <subfield code="a">Angol, német, orosz tartalomjegyzékkel és összefoglalóval</subfield>
    </datafield>
    <datafield tag="504" ind1=" " ind2=" ">
      <subfield code="a">Bibliogr.: p. 58-60.</subfield>
    </datafield>
    <datafield tag="695" ind1=" " ind2=" ">
      <subfield code="a">xxx</subfield>
    </datafield>
    <datafield tag="695" ind1=" " ind2=" ">
      <subfield code="a">Közlekedés</subfield>
      <subfield code="x">Budapest</subfield>
      <subfield code="x">sikló</subfield>
    </datafield>
    <datafield tag="830" ind1=" " ind2="0">
      <subfield code="a">Vasutak világa</subfield>
    </datafield>
    <datafield tag="830" ind1=" " ind2="2">
      <subfield code="a">A Magyar Vasútmodellezők és Vasútbarátok Országos Egyesületének szakmai füzetei</subfield>
    </datafield>
    <datafield tag="852" ind1=" " ind2=" ">
      <subfield code="a">SZ4</subfield>
      <subfield code="b">SZ4</subfield>
      <subfield code="x">bibSOK00071555</subfield>
    </datafield>
  </record>