
  <record>
    <leader>00886nam  2200217   4500</leader>
    <controlfield tag="001">MOKKAS0002166722  </controlfield>
    <controlfield tag="005">20060617163959.0</controlfield>
    <controlfield tag="008">990219 1995    hu            00010 hun  </controlfield>
    <datafield tag="020" ind1=" " ind2=" ">
      <subfield code="a">(Kötött)</subfield>
    </datafield>
    <datafield tag="035" ind1=" " ind2=" ">
      <subfield code="a">bibSOK00012057</subfield>
    </datafield>
    <datafield tag="040" ind1=" " ind2=" ">
      <subfield code="a">SK</subfield>
    </datafield>
    <datafield tag="245" ind1="0" ind2="0">
      <subfield code="a">100 éves a dél-alföldi áramszolgáltatás /</subfield>
      <subfield code="c">szerk. Petri Pál ; [... kiad. a Délmagyarországi Áramszolgáltató Rt.]</subfield>
    </datafield>
    <datafield tag="260" ind1=" " ind2=" ">
      <subfield code="a">Szeged :</subfield>
      <subfield code="b">Délmagyarországi Áramszolgáltató Rt.,</subfield>
      <subfield code="c">1995</subfield>
      <subfield code="e">([Hódmezővásárhely] :</subfield>
      <subfield code="f">Norma Ny.)</subfield>
    </datafield>
    <datafield tag="300" ind1=" " ind2=" ">
      <subfield code="a">472 p. :</subfield>
      <subfield code="b">ill., részben színes ;</subfield>
      <subfield code="c">30 cm</subfield>
    </datafield>
    <datafield tag="504" ind1=" " ind2=" ">
      <subfield code="a">Bibliogr.: p. 459-461.</subfield>
    </datafield>
    <datafield tag="610" ind1="2" ind2="7">
      <subfield code="a">Délmagyarországi Áramszolgáltató Rt. (Szeged)</subfield>
    </datafield>
    <datafield tag="650" ind1=" " ind2="7">
      <subfield code="a">Villamosenergiaipar</subfield>
      <subfield code="x">Dél-Alföld</subfield>
      <subfield code="2">szte</subfield>
    </datafield>
    <datafield tag="700" ind1="1" ind2=" ">
      <subfield code="a">Petri Pál</subfield>
    </datafield>
    <datafield tag="710" ind1="2" ind2=" ">
      <subfield code="a">Délmagyarországi Áramszolgáltató Rt. (Szeged)</subfield>
    </datafield>
    <datafield tag="710" ind1="2" ind2=" ">
      <subfield code="a">Norma Nyomdász Kft. (Hódmezővásárhely)</subfield>
    </datafield>
    <datafield tag="852" ind1=" " ind2=" ">
      <subfield code="a">SZ4</subfield>
      <subfield code="b">SZ4</subfield>
      <subfield code="x">bibSOK00012057</subfield>
    </datafield>
  </record>