
  <record>
    <leader>01235nam  2200337 i 4500</leader>
    <controlfield tag="001">MOKKAS0003840697  </controlfield>
    <controlfield tag="005">20091201194302.0</controlfield>
    <controlfield tag="008">      s1997    hu a     b          hun d</controlfield>
    <datafield tag="020" ind1=" " ind2=" ">
      <subfield code="a">(fűzött)</subfield>
    </datafield>
    <datafield tag="035" ind1=" " ind2=" ">
      <subfield code="a">bibFSZ141504</subfield>
    </datafield>
    <datafield tag="040" ind1=" " ind2=" ">
      <subfield code="a">SZTE</subfield>
    </datafield>
    <datafield tag="041" ind1="0" ind2=" ">
      <subfield code="a">hun</subfield>
      <subfield code="b">gereng</subfield>
    </datafield>
    <datafield tag="080" ind1=" " ind2="0">
      <subfield code="a">364.444.046.6(439-2Bp.)(091)</subfield>
    </datafield>
    <datafield tag="100" ind1="1" ind2=" ">
      <subfield code="a">Pintér Endre</subfield>
    </datafield>
    <datafield tag="245" ind1="1" ind2="0">
      <subfield code="a">100 éves a Szent Margit Kórház :</subfield>
      <subfield code="b">óbudai kórháztörténet dióhéjban /</subfield>
      <subfield code="c">Pintér Endre ; [fotó Antal István] ; [német ford. Portisch Judit] ; [angol ford. Rédl Emőke]</subfield>
    </datafield>
    <datafield tag="260" ind1=" " ind2=" ">
      <subfield code="a">Budapest :</subfield>
      <subfield code="b">Óbudai Múzeum,</subfield>
      <subfield code="c">1997</subfield>
    </datafield>
    <datafield tag="300" ind1=" " ind2=" ">
      <subfield code="a">47 p. :</subfield>
      <subfield code="b">ill. ;</subfield>
      <subfield code="c">21 cm</subfield>
    </datafield>
    <datafield tag="490" ind1="1" ind2=" ">
      <subfield code="a">(Helytörténeti füzetek / Óbudai Múzeum,</subfield>
      <subfield code="x">1416-583X ;</subfield>
      <subfield code="v">1997/2.)</subfield>
    </datafield>
    <datafield tag="504" ind1=" " ind2=" ">
      <subfield code="a">Bibliogr. a belső borítón</subfield>
    </datafield>
    <datafield tag="546" ind1=" " ind2=" ">
      <subfield code="a">Német, angol összefoglalás</subfield>
    </datafield>
    <datafield tag="650" ind1=" " ind2="7">
      <subfield code="a">Kórház</subfield>
      <subfield code="x">Magyarország</subfield>
      <subfield code="x">regionális</subfield>
      <subfield code="2">szte</subfield>
    </datafield>
    <datafield tag="650" ind1=" " ind2="7">
      <subfield code="a">Budapest</subfield>
      <subfield code="x">kórház</subfield>
      <subfield code="x">története</subfield>
      <subfield code="2">szte</subfield>
    </datafield>
    <datafield tag="651" ind1=" " ind2=" ">
      <subfield code="a">Budapest.</subfield>
      <subfield code="b">3. kerület</subfield>
    </datafield>
    <datafield tag="651" ind1=" " ind2=" ">
      <subfield code="a">Budapest III. kerület</subfield>
    </datafield>
    <datafield tag="700" ind1="1" ind2=" ">
      <subfield code="a">Antal István</subfield>
    </datafield>
    <datafield tag="700" ind1="1" ind2=" ">
      <subfield code="a">Portisch Judit</subfield>
    </datafield>
    <datafield tag="700" ind1="1" ind2=" ">
      <subfield code="a">Redl Emőke</subfield>
    </datafield>
    <datafield tag="710" ind1="2" ind2=" ">
      <subfield code="a">Óbudai Múzeum</subfield>
    </datafield>
    <datafield tag="830" ind1=" " ind2="0">
      <subfield code="a">Helytörténeti füzetek (Óbudai Múzeum)</subfield>
    </datafield>
    <datafield tag="852" ind1=" " ind2=" ">
      <subfield code="a">SZ1</subfield>
      <subfield code="b">SZ1</subfield>
      <subfield code="x">bibFSZ141504</subfield>
    </datafield>
    <datafield tag="852" ind1=" " ind2=" ">
      <subfield code="a">B10</subfield>
      <subfield code="b">0801B</subfield>
      <subfield code="b">0307</subfield>
      <subfield code="x">bibFSZ141504</subfield>
    </datafield>
  </record>