
  <record>
    <leader>00620cam  2200205 a 4500</leader>
    <controlfield tag="001">MOKKAN0004102124  </controlfield>
    <controlfield tag="005">20070306230903.0</controlfield>
    <controlfield tag="008">050322c        hu            00010 hun d</controlfield>
    <datafield tag="035" ind1=" " ind2=" ">
      <subfield code="a">46467</subfield>
    </datafield>
    <datafield tag="040" ind1=" " ind2=" ">
      <subfield code="a">SEKK</subfield>
    </datafield>
    <datafield tag="041" ind1="0" ind2=" ">
      <subfield code="a">hun</subfield>
    </datafield>
    <datafield tag="100" ind1="1" ind2="0">
      <subfield code="a">Pintér Endre</subfield>
    </datafield>
    <datafield tag="245" ind1="1" ind2="0">
      <subfield code="a">100 éves a Szent Margit Kórház :</subfield>
      <subfield code="b">Óbudai kórháztörténet dióhéjban /</subfield>
      <subfield code="c">Pintér Endre</subfield>
    </datafield>
    <datafield tag="260" ind1="0" ind2="0">
      <subfield code="a">Bp. :</subfield>
      <subfield code="b">Óbudai Múzeum,</subfield>
      <subfield code="c">[1997.]</subfield>
    </datafield>
    <datafield tag="300" ind1=" " ind2=" ">
      <subfield code="a">46 p. ;</subfield>
      <subfield code="c">21cm.</subfield>
    </datafield>
    <datafield tag="490" ind1="1" ind2="0">
      <subfield code="a">(Helytörténeti Füzetek ;</subfield>
      <subfield code="v">II/2.)</subfield>
    </datafield>
    <datafield tag="650" ind1="1" ind2="4">
      <subfield code="a">Hospitals</subfield>
      <subfield code="x">History</subfield>
    </datafield>
    <datafield tag="650" ind1="1" ind2="4">
      <subfield code="a">Kórházak</subfield>
      <subfield code="x">Történet</subfield>
    </datafield>
    <datafield tag="830" ind1=" " ind2="0">
      <subfield code="a">Helytörténeti füzetek</subfield>
    </datafield>
    <datafield tag="852" ind1=" " ind2=" ">
      <subfield code="a">B13</subfield>
      <subfield code="b">B13</subfield>
      <subfield code="x">46467</subfield>
    </datafield>
  </record>