
  <record>
    <leader>00801nam  2200241 ir4500</leader>
    <controlfield tag="001">MOKKAS0002080901  </controlfield>
    <controlfield tag="005">20060617074226.0</controlfield>
    <controlfield tag="008">050307s2005    hu a     b    000 0dhun d</controlfield>
    <datafield tag="035" ind1=" " ind2=" ">
      <subfield code="a">2550260</subfield>
    </datafield>
    <datafield tag="040" ind1=" " ind2=" ">
      <subfield code="a">OSZK</subfield>
    </datafield>
    <datafield tag="041" ind1="1" ind2=" ">
      <subfield code="a">hunhun</subfield>
      <subfield code="b">gereng</subfield>
    </datafield>
    <datafield tag="100" ind1="1" ind2=" ">
      <subfield code="a">Pintér Endre</subfield>
      <subfield code="d">(1927-)</subfield>
    </datafield>
    <datafield tag="245" ind1="1" ind2="0">
      <subfield code="a">100 éves a Szent Margit Kórház : </subfield>
      <subfield code="b">óbudai kórháztörténet dióhéjban /</subfield>
      <subfield code="c">Pintér Endre</subfield>
    </datafield>
    <datafield tag="260" ind1=" " ind2=" ">
      <subfield code="a">Budapest :</subfield>
      <subfield code="b">Óbudai Múz.,</subfield>
      <subfield code="c">[2005]</subfield>
    </datafield>
    <datafield tag="300" ind1=" " ind2=" ">
      <subfield code="a">47 p. :</subfield>
      <subfield code="b">ill. ;</subfield>
      <subfield code="c">21 cm</subfield>
    </datafield>
    <datafield tag="490" ind1="1" ind2=" ">
      <subfield code="a">Helytörténeti füzetek</subfield>
      <subfield code="x">1416-583X</subfield>
      <subfield code="v">1997/2.</subfield>
    </datafield>
    <datafield tag="500" ind1=" " ind2=" ">
      <subfield code="a">Összefoglalás német és angol nyelven</subfield>
    </datafield>
    <datafield tag="504" ind1=" " ind2=" ">
      <subfield code="a">Bibliogr.: p. [48].</subfield>
    </datafield>
    <datafield tag="610" ind1="2" ind2="4">
      <subfield code="a">Szent Margit Kórház (Budapest)</subfield>
    </datafield>
    <datafield tag="650" ind1="1" ind2="7">
      <subfield code="a">kórház</subfield>
      <subfield code="2">oszk</subfield>
    </datafield>
    <datafield tag="651" ind1=" " ind2="4">
      <subfield code="a">Budapest</subfield>
      <subfield code="b">III. kerület</subfield>
    </datafield>
    <datafield tag="830" ind1=" " ind2="0">
      <subfield code="a">Helytörténeti füzetek</subfield>
    </datafield>
    <datafield tag="852" ind1=" " ind2=" ">
      <subfield code="a">B1</subfield>
      <subfield code="b">B1</subfield>
      <subfield code="x">2550260</subfield>
    </datafield>
  </record>