
  <record>
    <leader>00483nam  2200169 i 4500</leader>
    <controlfield tag="001">MOKKAW0005790275  </controlfield>
    <controlfield tag="005">20080418234612.0</controlfield>
    <controlfield tag="008">040217s2003    hu            000 0 hun d</controlfield>
    <datafield tag="035" ind1=" " ind2=" ">
      <subfield code="a">BMEOMIKK000453972</subfield>
    </datafield>
    <datafield tag="040" ind1=" " ind2=" ">
      <subfield code="a">BMEOMIKK</subfield>
    </datafield>
    <datafield tag="041" ind1="0" ind2=" ">
      <subfield code="a">hun</subfield>
    </datafield>
    <datafield tag="044" ind1=" " ind2=" ">
      <subfield code="a">hu</subfield>
    </datafield>
    <datafield tag="245" ind1="0" ind2="0">
      <subfield code="a">100 éves a gibárti vízerőmű, 1903-2003 /</subfield>
      <subfield code="c">[összeáll. Reichardt Sándor]</subfield>
    </datafield>
    <datafield tag="260" ind1=" " ind2=" ">
      <subfield code="a">Miskolc :</subfield>
      <subfield code="b">ÉMÁSZ,</subfield>
      <subfield code="c">2003</subfield>
    </datafield>
    <datafield tag="300" ind1=" " ind2=" ">
      <subfield code="a">40 p. ;</subfield>
      <subfield code="c">22 cm</subfield>
    </datafield>
    <datafield tag="700" ind1="1" ind2=" ">
      <subfield code="a">Reichardt Sándor</subfield>
    </datafield>
    <datafield tag="852" ind1=" " ind2=" ">
      <subfield code="a">B11</subfield>
      <subfield code="b">B11</subfield>
      <subfield code="x">BMEOMIKK000453972</subfield>
    </datafield>
  </record>