
  <record>
    <leader>00842nam  2200205 i 4500</leader>
    <controlfield tag="001">MOKKAZ0006402617  </controlfield>
    <controlfield tag="005">20090708102933.0</controlfield>
    <controlfield tag="008">010222s2000    hu ar         000 0 hun d</controlfield>
    <datafield tag="020" ind1=" " ind2=" ">
      <subfield code="a">963-00-5805-7 (kötött)</subfield>
      <subfield code="z">963-86137-0-X</subfield>
    </datafield>
    <datafield tag="035" ind1=" " ind2=" ">
      <subfield code="a">799755</subfield>
    </datafield>
    <datafield tag="040" ind1=" " ind2=" ">
      <subfield code="a">OSZK</subfield>
    </datafield>
    <datafield tag="041" ind1="0" ind2=" ">
      <subfield code="a">hunhun</subfield>
    </datafield>
    <datafield tag="245" ind1="0" ind2="0">
      <subfield code="a">100 éves a miskolci - Erzsébet - Semmelweis Kórház : </subfield>
      <subfield code="b">[jubileumi évkönyv] /</subfield>
      <subfield code="c">[szerk. Sallai Zsolt] ; [szerzők Dobrossy István et al.]</subfield>
    </datafield>
    <datafield tag="260" ind1=" " ind2=" ">
      <subfield code="a">[Miskolc] :</subfield>
      <subfield code="b">Semmelweis Kórház,</subfield>
      <subfield code="c">2000</subfield>
      <subfield code="e">(Miskolc</subfield>
      <subfield code="f">MicroPress)</subfield>
    </datafield>
    <datafield tag="300" ind1=" " ind2=" ">
      <subfield code="a">206 p. :</subfield>
      <subfield code="b">ill., részben színes ;</subfield>
      <subfield code="c">31 cm</subfield>
    </datafield>
    <datafield tag="610" ind1="2" ind2="4">
      <subfield code="a">Semmelweis Kórház és Rendelőintézet (Miskolc)</subfield>
    </datafield>
    <datafield tag="700" ind1="1" ind2=" ">
      <subfield code="a">Sallai Zsolt</subfield>
      <subfield code="4">(szerk.)</subfield>
    </datafield>
    <datafield tag="700" ind1="1" ind2=" ">
      <subfield code="a">Dobrossy István</subfield>
      <subfield code="d">(1946-)</subfield>
      <subfield code="x">bibliográfia</subfield>
      <subfield code="4">(közrem.)</subfield>
    </datafield>
    <datafield tag="710" ind1="2" ind2=" ">
      <subfield code="a">Semmelweis Kórház és Rendelőintézet (Miskolc)</subfield>
      <subfield code="4">közread.</subfield>
    </datafield>
    <datafield tag="852" ind1=" " ind2=" ">
      <subfield code="a">B1</subfield>
      <subfield code="b">B1</subfield>
      <subfield code="x">799755</subfield>
    </datafield>
  </record>