
  <record>
    <leader>00621nama 22001811i 4500</leader>
    <controlfield tag="001">MOKKAS0000495834  </controlfield>
    <controlfield tag="005">20090619134047.0</controlfield>
    <controlfield tag="008">040730s1968    hu            000 0 hunod</controlfield>
    <datafield tag="035" ind1=" " ind2=" ">
      <subfield code="a">1254612</subfield>
    </datafield>
    <datafield tag="040" ind1=" " ind2=" ">
      <subfield code="a">OSZK</subfield>
    </datafield>
    <datafield tag="041" ind1="0" ind2=" ">
      <subfield code="a">hunhun</subfield>
    </datafield>
    <datafield tag="100" ind1="1" ind2=" ">
      <subfield code="a">Sarlós János</subfield>
      <subfield code="c">(cédulakatalógus alapján)</subfield>
    </datafield>
    <datafield tag="245" ind1="1" ind2="0">
      <subfield code="a">100 éves a Cement- és Mészművek Lábatlani gyára : </subfield>
      <subfield code="b">[1868-1968] /</subfield>
      <subfield code="c">[Sarlós János]</subfield>
    </datafield>
    <datafield tag="260" ind1=" " ind2=" ">
      <subfield code="a">Budapest :</subfield>
      <subfield code="b">Műszaki Kiadó,</subfield>
      <subfield code="c">1968</subfield>
      <subfield code="e">(Budapest</subfield>
      <subfield code="f">Felsőokt. Jegyzetell. soksz.)</subfield>
    </datafield>
    <datafield tag="300" ind1=" " ind2=" ">
      <subfield code="a">48 p. :</subfield>
      <subfield code="b">ill. ;</subfield>
      <subfield code="c">Har. 20 cm</subfield>
    </datafield>
    <datafield tag="653" ind1=" " ind2=" ">
      <subfield code="a">ipari telephely tört.</subfield>
    </datafield>
    <datafield tag="852" ind1=" " ind2=" ">
      <subfield code="a">B1</subfield>
      <subfield code="b">B1</subfield>
      <subfield code="x">1254612</subfield>
    </datafield>
    <datafield tag="852" ind1=" " ind2=" ">
      <subfield code="a">B8</subfield>
      <subfield code="b">B8</subfield>
      <subfield code="x">OGYK000129383</subfield>
    </datafield>
  </record>