
  <record>
    <leader>01047fam  2200277 i 4500</leader>
    <controlfield tag="001">MOKKAZ0006388284  </controlfield>
    <controlfield tag="005">20040915200010.0</controlfield>
    <controlfield tag="008">000209s1999    hu ac         000 0 hun d</controlfield>
    <datafield tag="020" ind1=" " ind2=" ">
      <subfield code="a">963-03-9595-9 (fűzött)</subfield>
    </datafield>
    <datafield tag="035" ind1=" " ind2=" ">
      <subfield code="a">410485</subfield>
    </datafield>
    <datafield tag="040" ind1=" " ind2=" ">
      <subfield code="a">OSZK</subfield>
    </datafield>
    <datafield tag="041" ind1="0" ind2=" ">
      <subfield code="a">hunhun</subfield>
    </datafield>
    <datafield tag="245" ind1="0" ind2="0">
      <subfield code="a">100 éves a Herendi Általános Iskola, 1899-1999 : </subfield>
      <subfield code="b">jubileumi évkönyv /</subfield>
      <subfield code="c">[szerk. Schindler Lászlóné]</subfield>
    </datafield>
    <datafield tag="260" ind1=" " ind2=" ">
      <subfield code="a">[Herend] :</subfield>
      <subfield code="b">[Herendi Ált. Isk.],</subfield>
      <subfield code="c">[1999]</subfield>
      <subfield code="e">(Veszprém</subfield>
      <subfield code="f">Faa Produkt Ny.)</subfield>
    </datafield>
    <datafield tag="300" ind1=" " ind2=" ">
      <subfield code="a">220 p. :</subfield>
      <subfield code="b">ill. ;</subfield>
      <subfield code="c">21 cm</subfield>
    </datafield>
    <datafield tag="610" ind1="2" ind2="4">
      <subfield code="a">Herendi Általános Iskola és Zeneiskola</subfield>
    </datafield>
    <datafield tag="650" ind1=" " ind2="4">
      <subfield code="a">Általános iskolák</subfield>
      <subfield code="z">Magyarország</subfield>
      <subfield code="z">Herend</subfield>
    </datafield>
    <datafield tag="650" ind1=" " ind2="4">
      <subfield code="a">Iskolai évkönyvek</subfield>
      <subfield code="z">Magyarország</subfield>
      <subfield code="z">Herend</subfield>
    </datafield>
    <datafield tag="650" ind1=" " ind2="0">
      <subfield code="a">Elementary schools</subfield>
      <subfield code="z">Hungary</subfield>
      <subfield code="z">Herend.</subfield>
    </datafield>
    <datafield tag="650" ind1=" " ind2="0">
      <subfield code="a">School yearbooks</subfield>
      <subfield code="z">Hungary</subfield>
      <subfield code="z">Herend.</subfield>
    </datafield>
    <datafield tag="650" ind1=" " ind2="7">
      <subfield code="a">általános iskolák</subfield>
      <subfield code="2">szte</subfield>
    </datafield>
    <datafield tag="650" ind1=" " ind2="7">
      <subfield code="a">helytörténet</subfield>
      <subfield code="2">szte</subfield>
    </datafield>
    <datafield tag="700" ind1="1" ind2=" ">
      <subfield code="a">Schindler Lászlóné</subfield>
      <subfield code="4">(szerk.)</subfield>
    </datafield>
    <datafield tag="710" ind1="2" ind2=" ">
      <subfield code="a">Herendi Általános Iskola és Zeneiskola</subfield>
      <subfield code="4">közread.</subfield>
    </datafield>
    <datafield tag="852" ind1=" " ind2=" ">
      <subfield code="a">B1</subfield>
      <subfield code="b">B1</subfield>
      <subfield code="x">410485</subfield>
    </datafield>
    <datafield tag="852" ind1=" " ind2=" ">
      <subfield code="a">D1</subfield>
      <subfield code="b">D1</subfield>
      <subfield code="x">bibKLT00261308</subfield>
    </datafield>
  </record>