
  <record>
    <leader>00392cam  22001217  4500</leader>
    <controlfield tag="001">MOKKAZ0004610526  </controlfield>
    <controlfield tag="005">20040910084240.0</controlfield>
    <controlfield tag="008">000211s1980                  00    hun d</controlfield>
    <datafield tag="035" ind1=" " ind2=" ">
      <subfield code="a">bibFSZ39609</subfield>
    </datafield>
    <datafield tag="040" ind1=" " ind2=" ">
      <subfield code="a">FSZEK</subfield>
    </datafield>
    <datafield tag="245" ind1="0" ind2="2">
      <subfield code="a">100 éves a Magyar Vöröskereszt ; 60 éves az ifjúsági vöröskereszt /</subfield>
      <subfield code="c">[irta és szerk. Magyar János]</subfield>
    </datafield>
    <datafield tag="260" ind1=" " ind2=" ">
      <subfield code="a">Budapest :</subfield>
      <subfield code="b">[S.n.],</subfield>
      <subfield code="c"/>
    </datafield>
    <datafield tag="852" ind1=" " ind2=" ">
      <subfield code="a">B10</subfield>
      <subfield code="b">0801B</subfield>
      <subfield code="x">bibFSZ39609</subfield>
    </datafield>
  </record>