
  <record>
    <leader>00638nam  2200205 i 4500</leader>
    <controlfield tag="001">MOKKAN0004693321  </controlfield>
    <controlfield tag="005">20070703004103.0</controlfield>
    <controlfield tag="008">940728s1991    hu           u    j hun d</controlfield>
    <datafield tag="035" ind1=" " ind2=" ">
      <subfield code="a">KÉE40350</subfield>
    </datafield>
    <datafield tag="040" ind1=" " ind2=" ">
      <subfield code="a">BCEEFK</subfield>
    </datafield>
    <datafield tag="041" ind1="0" ind2=" ">
      <subfield code="a">hun</subfield>
    </datafield>
    <datafield tag="245" ind1="1" ind2="0">
      <subfield code="a">100 éves a Magyar Biológiai Társaság Botanikai Szakosztálya /</subfield>
      <subfield code="c">[szerk. Szabó T. Attila]</subfield>
    </datafield>
    <datafield tag="260" ind1=" " ind2=" ">
      <subfield code="a">Bp.[etc.] :</subfield>
      <subfield code="b">M. Biológiai Társ. Bot. Szakoszt. [etc.],</subfield>
      <subfield code="c">1991</subfield>
    </datafield>
    <datafield tag="300" ind1=" " ind2=" ">
      <subfield code="a">72 p.</subfield>
    </datafield>
    <datafield tag="490" ind1="1" ind2=" ">
      <subfield code="a">Bio tár</subfield>
      <subfield code="v">7.</subfield>
    </datafield>
    <datafield tag="650" ind1=" " ind2="4">
      <subfield code="a">Botanikai Szakosztály</subfield>
    </datafield>
    <datafield tag="650" ind1=" " ind2="4">
      <subfield code="a">Magyar Biológiai Társaság</subfield>
    </datafield>
    <datafield tag="700" ind1="1" ind2=" ">
      <subfield code="a">Szabó T. Attila</subfield>
      <subfield code="4">(szerk.)</subfield>
    </datafield>
    <datafield tag="830" ind1=" " ind2="0">
      <subfield code="a">Bio tár</subfield>
    </datafield>
    <datafield tag="852" ind1=" " ind2=" ">
      <subfield code="a">B503</subfield>
      <subfield code="b">B503</subfield>
      <subfield code="x">KÉE40350</subfield>
    </datafield>
  </record>