
  <record>
    <leader>01089nam  2200301 i 4500</leader>
    <controlfield tag="001">MOKKAN0004820877  </controlfield>
    <controlfield tag="005">20071029115008.0</controlfield>
    <controlfield tag="008">070709s2007    hu ar         00000 hun d</controlfield>
    <datafield tag="020" ind1=" " ind2=" ">
      <subfield code="a">978-963-87381-1-0 (fűzött)</subfield>
    </datafield>
    <datafield tag="020" ind1=" " ind2=" ">
      <subfield code="a">978 963 87381 1 0</subfield>
    </datafield>
    <datafield tag="035" ind1=" " ind2=" ">
      <subfield code="a">2663883</subfield>
    </datafield>
    <datafield tag="040" ind1=" " ind2=" ">
      <subfield code="a">OSZK</subfield>
    </datafield>
    <datafield tag="041" ind1="0" ind2=" ">
      <subfield code="a">hunhun</subfield>
    </datafield>
    <datafield tag="245" ind1="0" ind2="0">
      <subfield code="a">100 éves a debreceni mentőszolgálat /</subfield>
      <subfield code="c">[összeáll. Szatmári József] ; [az interjúkat kész. ... Szatmári Alexandra]</subfield>
    </datafield>
    <datafield tag="260" ind1=" " ind2=" ">
      <subfield code="a">Debrecen :</subfield>
      <subfield code="b">Uropath Bt.,</subfield>
      <subfield code="c">2007</subfield>
    </datafield>
    <datafield tag="300" ind1=" " ind2=" ">
      <subfield code="a">123 p. :</subfield>
      <subfield code="b">ill., részben színes ;</subfield>
      <subfield code="c">21 cm</subfield>
    </datafield>
    <datafield tag="610" ind1="2" ind2="4">
      <subfield code="a">Országos Mentőszolgálat.</subfield>
      <subfield code="b">Debreceni Mentőállomás</subfield>
    </datafield>
    <datafield tag="650" ind1="1" ind2="7">
      <subfield code="a">mentőszolgálat</subfield>
      <subfield code="2">oszk</subfield>
    </datafield>
    <datafield tag="650" ind1=" " ind2="7">
      <subfield code="a">Mentőszolgálat</subfield>
      <subfield code="x">Magyarország</subfield>
      <subfield code="x">története</subfield>
      <subfield code="x">regionális</subfield>
      <subfield code="2">szte</subfield>
    </datafield>
    <datafield tag="650" ind1=" " ind2="7">
      <subfield code="a">Debrecen</subfield>
      <subfield code="x">egészségügy</subfield>
      <subfield code="x">története</subfield>
      <subfield code="2">szte</subfield>
    </datafield>
    <datafield tag="651" ind1=" " ind2="4">
      <subfield code="a">Debrecen</subfield>
    </datafield>
    <datafield tag="653" ind1=" " ind2=" ">
      <subfield code="a">egészségügyi intézmény</subfield>
    </datafield>
    <datafield tag="653" ind1=" " ind2=" ">
      <subfield code="a">intézménytörténet</subfield>
    </datafield>
    <datafield tag="700" ind1="1" ind2=" ">
      <subfield code="a">Szatmári József</subfield>
      <subfield code="4">(összeáll.)</subfield>
    </datafield>
    <datafield tag="700" ind1="1" ind2=" ">
      <subfield code="a">Szatmári Alexandra</subfield>
      <subfield code="4">(közrem.)</subfield>
    </datafield>
    <datafield tag="852" ind1=" " ind2=" ">
      <subfield code="a">B1</subfield>
      <subfield code="b">B1</subfield>
      <subfield code="x">2663883</subfield>
    </datafield>
    <datafield tag="852" ind1=" " ind2=" ">
      <subfield code="a">B9</subfield>
      <subfield code="b">B9</subfield>
      <subfield code="x">699302</subfield>
    </datafield>
    <datafield tag="852" ind1=" " ind2=" ">
      <subfield code="a">SZ1</subfield>
      <subfield code="b">SZ1</subfield>
      <subfield code="x">bibJAT00718399</subfield>
    </datafield>
  </record>