
  <record>
    <leader>00806nam  2200193 i 4500</leader>
    <controlfield tag="001">MOKKAW0005448923  </controlfield>
    <controlfield tag="005">20080413051535.0</controlfield>
    <controlfield tag="008">990828s1995                  100 0 hun d</controlfield>
    <datafield tag="035" ind1=" " ind2=" ">
      <subfield code="a">BMEOMIKK000107872</subfield>
    </datafield>
    <datafield tag="040" ind1=" " ind2=" ">
      <subfield code="a">BMEOMIKK</subfield>
    </datafield>
    <datafield tag="041" ind1="0" ind2=" ">
      <subfield code="a">hun</subfield>
    </datafield>
    <datafield tag="245" ind1="0" ind2="0">
      <subfield code="a">100 éves a szervezett köztisztaság Budapesten, 1895-1995 : </subfield>
      <subfield code="b">Nemzetközi szakmai konferencia, 1995. szeptember 19. : A konferencia előadásai /</subfield>
      <subfield code="c">[szerk. Szegedi Péter, Szőke József]</subfield>
    </datafield>
    <datafield tag="260" ind1=" " ind2=" ">
      <subfield code="a">[Budapest] :</subfield>
      <subfield code="b">Főv. Közterület-Fenntartó Váll.,</subfield>
      <subfield code="c">1995</subfield>
    </datafield>
    <datafield tag="300" ind1=" " ind2=" ">
      <subfield code="a">114 p. ;</subfield>
      <subfield code="c">29 cm</subfield>
    </datafield>
    <datafield tag="700" ind1="1" ind2=" ">
      <subfield code="a">Szegedi Péter</subfield>
    </datafield>
    <datafield tag="700" ind1="1" ind2=" ">
      <subfield code="a">Szőke József</subfield>
    </datafield>
    <datafield tag="710" ind1="2" ind2=" ">
      <subfield code="a">Fővárosi Közterület-Fenntartó Vállalat</subfield>
    </datafield>
    <datafield tag="711" ind1="2" ind2="0">
      <subfield code="a">Fõvárosi Közterület-Fenntartó Vállalat</subfield>
      <subfield code="e">Nemzetközi szakmai konferencia</subfield>
      <subfield code="d">1995</subfield>
      <subfield code="c">Budapest</subfield>
    </datafield>
    <datafield tag="852" ind1=" " ind2=" ">
      <subfield code="a">B11</subfield>
      <subfield code="b">B11</subfield>
      <subfield code="x">BMEOMIKK000107872</subfield>
    </datafield>
  </record>