
  <record>
    <leader>00732nam  2200205 i 4500</leader>
    <controlfield tag="001">MOKKAZ0006388934  </controlfield>
    <controlfield tag="005">20040915200029.0</controlfield>
    <controlfield tag="008">000221s1999    hu ac         000 0dhun d</controlfield>
    <datafield tag="020" ind1=" " ind2=" ">
      <subfield code="a">963-03-8353-5 (fűzött)</subfield>
    </datafield>
    <datafield tag="035" ind1=" " ind2=" ">
      <subfield code="a">412917</subfield>
    </datafield>
    <datafield tag="040" ind1=" " ind2=" ">
      <subfield code="a">OSZK</subfield>
    </datafield>
    <datafield tag="041" ind1="1" ind2=" ">
      <subfield code="a">hunhunger</subfield>
    </datafield>
    <datafield tag="072" ind1=" " ind2="1">
      <subfield code="a">C</subfield>
    </datafield>
    <datafield tag="245" ind1="0" ind2="0">
      <subfield code="a">100 éves a Szentendrei Kolping Család, 1899-1999 /</subfield>
      <subfield code="c">[kiad. a Szentendrei Kolping Család Egyesület]</subfield>
    </datafield>
    <datafield tag="246" ind1="1" ind2="1">
      <subfield code="a">100 Jahre Kolpingfamilie Szentendre, 1899-1999</subfield>
    </datafield>
    <datafield tag="260" ind1=" " ind2=" ">
      <subfield code="a">Szentendre :</subfield>
      <subfield code="b">Szentendrei Kolping Család Egyes.,</subfield>
      <subfield code="c">[1999]</subfield>
      <subfield code="e">(Vác</subfield>
      <subfield code="f">Kucsák)</subfield>
    </datafield>
    <datafield tag="300" ind1=" " ind2=" ">
      <subfield code="a">51 p. :</subfield>
      <subfield code="b">ill. ;</subfield>
      <subfield code="c">21 cm</subfield>
    </datafield>
    <datafield tag="610" ind1="2" ind2="4">
      <subfield code="a">Szentendrei Kolping Család Egyesület</subfield>
    </datafield>
    <datafield tag="710" ind1="2" ind2="0">
      <subfield code="a">Szentendrei Kolping Család Egyesület</subfield>
      <subfield code="4">közread.</subfield>
    </datafield>
    <datafield tag="852" ind1=" " ind2=" ">
      <subfield code="a">B1</subfield>
      <subfield code="b">B1</subfield>
      <subfield code="x">412917</subfield>
    </datafield>
  </record>