
  <record>
    <leader>00645aam  2200205 i 4500</leader>
    <controlfield tag="001">MOKKAZ0006239195  </controlfield>
    <controlfield tag="005">20040915182637.0</controlfield>
    <controlfield tag="008">940509t19891985hu a          000 0 hun d</controlfield>
    <datafield tag="020" ind1=" " ind2=" ">
      <subfield code="a">963-02-7196-6 (fűzött)</subfield>
    </datafield>
    <datafield tag="035" ind1=" " ind2=" ">
      <subfield code="a">545169</subfield>
    </datafield>
    <datafield tag="040" ind1=" " ind2=" ">
      <subfield code="a">OSZK</subfield>
    </datafield>
    <datafield tag="041" ind1="0" ind2=" ">
      <subfield code="a">hunhun</subfield>
    </datafield>
    <datafield tag="072" ind1=" " ind2="1">
      <subfield code="a">UA</subfield>
    </datafield>
    <datafield tag="245" ind1="1" ind2="0">
      <subfield code="a">100 éves a Szerencsi Cukorgyár : </subfield>
      <subfield code="b">1889-1989</subfield>
    </datafield>
    <datafield tag="260" ind1=" " ind2=" ">
      <subfield code="a">[Szerencs] :</subfield>
      <subfield code="b">Szerencsi Cukorgyár,</subfield>
      <subfield code="c">1989</subfield>
      <subfield code="e">(Miskolc</subfield>
      <subfield code="f">Borsod M. Fodrász Szöv. Soksz.)</subfield>
    </datafield>
    <datafield tag="300" ind1=" " ind2=" ">
      <subfield code="a">42 p. :</subfield>
      <subfield code="b">ill. ;</subfield>
      <subfield code="c">29 cm</subfield>
    </datafield>
    <datafield tag="500" ind1=" " ind2=" ">
      <subfield code="a">A Szerencsi élelmiszeripar különszáma</subfield>
    </datafield>
    <datafield tag="610" ind1="2" ind2="4">
      <subfield code="a">Szerencsi Cukorgyár</subfield>
    </datafield>
    <datafield tag="710" ind1="2" ind2=" ">
      <subfield code="a">Szerencsi Cukorgyár</subfield>
      <subfield code="4">közread.</subfield>
    </datafield>
    <datafield tag="852" ind1=" " ind2=" ">
      <subfield code="a">B1</subfield>
      <subfield code="b">B1</subfield>
      <subfield code="x">545169</subfield>
    </datafield>
  </record>