
  <record>
    <leader>00868nam  2200229 i 4500</leader>
    <controlfield tag="001">MOKKAS0001258249  </controlfield>
    <controlfield tag="005">20060112174806.0</controlfield>
    <controlfield tag="008">      s1980    hu            00010 hun d</controlfield>
    <datafield tag="020" ind1=" " ind2=" ">
      <subfield code="a">963-02-1387-7* (fűzött) :</subfield>
      <subfield code="c">52,- Ft</subfield>
    </datafield>
    <datafield tag="035" ind1=" " ind2=" ">
      <subfield code="a">bibRFK00091531</subfield>
    </datafield>
    <datafield tag="040" ind1=" " ind2=" ">
      <subfield code="a">RFMK</subfield>
    </datafield>
    <datafield tag="041" ind1=" " ind2=" ">
      <subfield code="a">hun</subfield>
    </datafield>
    <datafield tag="100" ind1="1" ind2=" ">
      <subfield code="a">Szőke Pál</subfield>
    </datafield>
    <datafield tag="245" ind1="1" ind2="0">
      <subfield code="a">100 éves a magyar tenisz /</subfield>
      <subfield code="c">Szőke Pál ; [kiadja az OTSH Gazdasági Igazgatósága]</subfield>
    </datafield>
    <datafield tag="260" ind1=" " ind2=" ">
      <subfield code="a">Budapest :</subfield>
      <subfield code="b">Magyarország. Országos Testnevelési és Sporthivatal,</subfield>
      <subfield code="c">1980</subfield>
      <subfield code="e">(Debrecen :</subfield>
      <subfield code="f">Dózsa Soksz.)</subfield>
    </datafield>
    <datafield tag="300" ind1=" " ind2=" ">
      <subfield code="a">221 l., [16] t.l. :</subfield>
      <subfield code="b">ill. ;</subfield>
      <subfield code="c">20 cm</subfield>
    </datafield>
    <datafield tag="504" ind1=" " ind2=" ">
      <subfield code="a">Rezjume na russkom jazyke</subfield>
    </datafield>
    <datafield tag="504" ind1=" " ind2=" ">
      <subfield code="a">2200</subfield>
    </datafield>
    <datafield tag="504" ind1=" " ind2=" ">
      <subfield code="a">Résumé en langue française</subfield>
    </datafield>
    <datafield tag="504" ind1=" " ind2=" ">
      <subfield code="a">Deutschsprachige Zusammenfassung</subfield>
    </datafield>
    <datafield tag="710" ind1="2" ind2=" ">
      <subfield code="a">Országos Testnevelési és Sporthivatal.</subfield>
      <subfield code="b">Gazdasági Igazgatóság (Budapest)</subfield>
      <subfield code="4">közread.</subfield>
    </datafield>
    <datafield tag="852" ind1=" " ind2=" ">
      <subfield code="a">M2</subfield>
      <subfield code="b">M2</subfield>
      <subfield code="x">bibRFK00091531</subfield>
    </datafield>
  </record>