
  <record>
    <leader>00882fam  2200253 i 4500</leader>
    <controlfield tag="001">MOKKAZ0006235869  </controlfield>
    <controlfield tag="005">20040915182451.0</controlfield>
    <controlfield tag="008">940509s1980    hu a     j    000 0chun d</controlfield>
    <datafield tag="020" ind1=" " ind2=" ">
      <subfield code="a">963-02-1387-7 (fűzött)</subfield>
    </datafield>
    <datafield tag="035" ind1=" " ind2=" ">
      <subfield code="a">533997</subfield>
    </datafield>
    <datafield tag="040" ind1=" " ind2=" ">
      <subfield code="a">OSZK</subfield>
    </datafield>
    <datafield tag="041" ind1="0" ind2=" ">
      <subfield code="a">hunhun</subfield>
      <subfield code="b">rusfreger</subfield>
    </datafield>
    <datafield tag="100" ind1="1" ind2=" ">
      <subfield code="a">Szőke Pál</subfield>
    </datafield>
    <datafield tag="245" ind1="1" ind2="0">
      <subfield code="a">100 éves a magyar tenisz /</subfield>
      <subfield code="c">Szőke Pál ; [kiadja az OTSH Gazdasági Igazgatósága]</subfield>
    </datafield>
    <datafield tag="260" ind1=" " ind2=" ">
      <subfield code="a">Budapest :</subfield>
      <subfield code="b">OTSH,</subfield>
      <subfield code="c">1980</subfield>
      <subfield code="e">(Debrecen</subfield>
      <subfield code="f">Dózsa Soksz.)</subfield>
    </datafield>
    <datafield tag="300" ind1=" " ind2=" ">
      <subfield code="a">221 l., [16] t.l. :</subfield>
      <subfield code="b">ill. ;</subfield>
      <subfield code="c">20 cm</subfield>
    </datafield>
    <datafield tag="500" ind1=" " ind2=" ">
      <subfield code="a">Rezjume na russkom jazyke</subfield>
    </datafield>
    <datafield tag="500" ind1=" " ind2=" ">
      <subfield code="a">Résumé en langue française</subfield>
    </datafield>
    <datafield tag="500" ind1=" " ind2=" ">
      <subfield code="a">Deutschsprachige Zusammenfassung</subfield>
    </datafield>
    <datafield tag="500" ind1=" " ind2=" ">
      <subfield code="a">2200</subfield>
    </datafield>
    <datafield tag="650" ind1="0" ind2="4">
      <subfield code="a">tenisz</subfield>
      <subfield code="x">története</subfield>
      <subfield code="z">Magyarország</subfield>
    </datafield>
    <datafield tag="710" ind1="2" ind2=" ">
      <subfield code="a">Országos Testnevelési és Sporthivatal (Budapest)</subfield>
      <subfield code="a">Gazdasági Igazgatóság</subfield>
      <subfield code="4">közread.</subfield>
    </datafield>
    <datafield tag="852" ind1=" " ind2=" ">
      <subfield code="a">B1</subfield>
      <subfield code="b">B1</subfield>
      <subfield code="x">533997</subfield>
    </datafield>
    <datafield tag="852" ind1=" " ind2=" ">
      <subfield code="a">M1</subfield>
      <subfield code="b">M1</subfield>
      <subfield code="x">181551</subfield>
    </datafield>
  </record>