
  <record>
    <leader>00757fam  22002171  4500</leader>
    <controlfield tag="001">MOKKAZ0004197445  </controlfield>
    <controlfield tag="005">20040910051002.0</controlfield>
    <controlfield tag="008">      s1980                        und d</controlfield>
    <datafield tag="020" ind1=" " ind2=" ">
      <subfield code="a">(fűzött) :</subfield>
      <subfield code="c">52,- Ft</subfield>
    </datafield>
    <datafield tag="035" ind1=" " ind2=" ">
      <subfield code="a">bibFSZ00042968</subfield>
    </datafield>
    <datafield tag="040" ind1=" " ind2=" ">
      <subfield code="a">FSZEK</subfield>
    </datafield>
    <datafield tag="100" ind1="1" ind2=" ">
      <subfield code="a">Szőke Pál</subfield>
    </datafield>
    <datafield tag="245" ind1="1" ind2="0">
      <subfield code="a">100 éves a magyar tenisz /</subfield>
      <subfield code="c">Szőke Pál</subfield>
    </datafield>
    <datafield tag="260" ind1=" " ind2=" ">
      <subfield code="a">Budapest :</subfield>
      <subfield code="b">Magyarország. Országos Testnevelési és Sporthivatal,</subfield>
      <subfield code="c">1980</subfield>
    </datafield>
    <datafield tag="300" ind1=" " ind2=" ">
      <subfield code="a">221 p., [20] t. ;</subfield>
      <subfield code="c">20 cm</subfield>
    </datafield>
    <datafield tag="500" ind1=" " ind2=" ">
      <subfield code="a">Megjelenési adat: Bp. : OTSH</subfield>
    </datafield>
    <datafield tag="650" ind1="0" ind2="4">
      <subfield code="a">tenisz</subfield>
      <subfield code="x">története</subfield>
      <subfield code="z">Magyarország</subfield>
    </datafield>
    <datafield tag="852" ind1=" " ind2=" ">
      <subfield code="a">B10</subfield>
      <subfield code="B">0801</subfield>
      <subfield code="B">1803</subfield>
      <subfield code="B">1901</subfield>
      <subfield code="B">0901</subfield>
      <subfield code="B">1308</subfield>
      <subfield code="B">0401</subfield>
      <subfield code="B">0703</subfield>
      <subfield code="B">1004</subfield>
      <subfield code="B">1105</subfield>
      <subfield code="b">0204</subfield>
      <subfield code="x">bibFSZ00042968</subfield>
    </datafield>
    <datafield tag="852" ind1=" " ind2=" ">
      <subfield code="a">M1</subfield>
      <subfield code="b">M1</subfield>
      <subfield code="x">181551</subfield>
    </datafield>
    <datafield tag="852" ind1=" " ind2=" ">
      <subfield code="a">BCS1</subfield>
      <subfield code="b">BCS1</subfield>
      <subfield code="x">bibBKO00137570</subfield>
    </datafield>
    <datafield tag="852" ind1=" " ind2=" ">
      <subfield code="a">SZL1</subfield>
      <subfield code="b">SZL1</subfield>
      <subfield code="x">bibVFK00146946</subfield>
    </datafield>
  </record>