
  <record>
    <leader>00418nam  2200145 i 4500</leader>
    <controlfield tag="001">MOKKAS0003252035  </controlfield>
    <controlfield tag="005">20060601235651.0</controlfield>
    <controlfield tag="008">050101s1980                            d</controlfield>
    <datafield tag="035" ind1=" " ind2=" ">
      <subfield code="a">190240</subfield>
    </datafield>
    <datafield tag="040" ind1=" " ind2=" ">
      <subfield code="a">KKMK</subfield>
    </datafield>
    <datafield tag="100" ind1="1" ind2=" ">
      <subfield code="a">Szőke Pál</subfield>
    </datafield>
    <datafield tag="245" ind1="1" ind2="0">
      <subfield code="a">100 éves a magyar tenisz /</subfield>
      <subfield code="c">Szőke Pál</subfield>
    </datafield>
    <datafield tag="260" ind1=" " ind2=" ">
      <subfield code="a">Budapest :</subfield>
      <subfield code="b">Országos Testnevelési és Sporthivatal,</subfield>
      <subfield code="c">1980</subfield>
    </datafield>
    <datafield tag="300" ind1=" " ind2=" ">
      <subfield code="a">221 p., [20] t. ;</subfield>
      <subfield code="c">20 cm</subfield>
    </datafield>
    <datafield tag="852" ind1=" " ind2=" ">
      <subfield code="a">GY1</subfield>
      <subfield code="b">GY1</subfield>
      <subfield code="x">190240</subfield>
    </datafield>
  </record>