
  <record>
    <leader>00595nam  2200169 i 4500</leader>
    <controlfield tag="001">MOKKAZ0003667345  </controlfield>
    <controlfield tag="005">20040909211245.0</controlfield>
    <controlfield tag="008">000412s1989    hu ao         00010 hun d</controlfield>
    <datafield tag="035" ind1=" " ind2=" ">
      <subfield code="a">bibKLT00291284</subfield>
    </datafield>
    <datafield tag="040" ind1=" " ind2=" ">
      <subfield code="a">DEENK</subfield>
    </datafield>
    <datafield tag="245" ind1="0" ind2="0">
      <subfield code="a">100 éves a Budaörsi Önkéntes Tűzoltó Egyesület, 1889-1989 /</subfield>
      <subfield code="c">[szerk. ] Takács Béla</subfield>
    </datafield>
    <datafield tag="260" ind1=" " ind2=" ">
      <subfield code="a">[Budaörs] :</subfield>
      <subfield code="b">Önkéntes Tűzoltó Egyesület,</subfield>
      <subfield code="c">1989</subfield>
    </datafield>
    <datafield tag="300" ind1=" " ind2=" ">
      <subfield code="a">69 p. :</subfield>
      <subfield code="b">ill. ;</subfield>
      <subfield code="c">24 cm</subfield>
    </datafield>
    <datafield tag="610" ind1="2" ind2=" ">
      <subfield code="a">Önkéntes Tűzoltó Egyesület (Budaörs)</subfield>
    </datafield>
    <datafield tag="700" ind1="1" ind2=" ">
      <subfield code="a">Takács Béla</subfield>
    </datafield>
    <datafield tag="710" ind1="2" ind2=" ">
      <subfield code="a">Önkéntes Tűzoltó Egyesület (Budaörs)</subfield>
    </datafield>
    <datafield tag="852" ind1=" " ind2=" ">
      <subfield code="a">D1</subfield>
      <subfield code="b">D1</subfield>
      <subfield code="x">bibKLT00291284</subfield>
    </datafield>
  </record>