
  <record>
    <leader>00643nama 22001811i 4500</leader>
    <controlfield tag="001">MOKKAS0000524214  </controlfield>
    <controlfield tag="005">20060117210355.0</controlfield>
    <controlfield tag="008">040903s1957    hu            000 0 hunod</controlfield>
    <datafield tag="035" ind1=" " ind2=" ">
      <subfield code="a">1283007</subfield>
    </datafield>
    <datafield tag="040" ind1=" " ind2=" ">
      <subfield code="a">OSZK</subfield>
    </datafield>
    <datafield tag="041" ind1="0" ind2=" ">
      <subfield code="a">hunhun</subfield>
    </datafield>
    <datafield tag="245" ind1="0" ind2="0">
      <subfield code="a">100 éves a Sárospataki Tanítóképző : </subfield>
      <subfield code="b">emlékkönyv /</subfield>
      <subfield code="c">kiad. a sárospataki áll. Comenius A. J. tanítóképző nevelőtestület</subfield>
    </datafield>
    <datafield tag="260" ind1=" " ind2=" ">
      <subfield code="a">Sárospatak :</subfield>
      <subfield code="b">[Tanítóképző],</subfield>
      <subfield code="c">1957</subfield>
      <subfield code="e">(Sárospatak</subfield>
      <subfield code="f">Borsod M. Ny.)</subfield>
    </datafield>
    <datafield tag="300" ind1=" " ind2=" ">
      <subfield code="a">31 p. ;</subfield>
      <subfield code="c">24 cm</subfield>
    </datafield>
    <datafield tag="490" ind1="1" ind2=" ">
      <subfield code="a">Sárospataki nevelő</subfield>
      <subfield code="v">1.</subfield>
    </datafield>
    <datafield tag="710" ind1="2" ind2=" ">
      <subfield code="a">Tanítóképző (Sárospatak)</subfield>
      <subfield code="4">közread.</subfield>
    </datafield>
    <datafield tag="830" ind1=" " ind2="0">
      <subfield code="a">Sárospataki nevelő</subfield>
    </datafield>
    <datafield tag="852" ind1=" " ind2=" ">
      <subfield code="a">B1</subfield>
      <subfield code="b">B1</subfield>
      <subfield code="x">1283007</subfield>
    </datafield>
  </record>