
  <record>
    <leader>00527cam  2200157   4500</leader>
    <controlfield tag="001">MOKKAZ0003238627  </controlfield>
    <controlfield tag="005">20040909171955.0</controlfield>
    <controlfield tag="008">       1991                        hun  </controlfield>
    <datafield tag="035" ind1=" " ind2=" ">
      <subfield code="a">ISISIIF0013268</subfield>
    </datafield>
    <datafield tag="040" ind1=" " ind2=" ">
      <subfield code="a">DEENK</subfield>
    </datafield>
    <datafield tag="245" ind1="0" ind2="0">
      <subfield code="a">100 éves a győri telefonhálózat :</subfield>
      <subfield code="b">1991 /</subfield>
      <subfield code="c">szerk. Tarcsay László] ; [közread. Soproni Távközlési Igazgatóság]</subfield>
    </datafield>
    <datafield tag="260" ind1=" " ind2=" ">
      <subfield code="a">Sopron :</subfield>
      <subfield code="b">STI,</subfield>
      <subfield code="c">1991</subfield>
    </datafield>
    <datafield tag="300" ind1=" " ind2=" ">
      <subfield code="a">55 p. :</subfield>
      <subfield code="b">ill. ;</subfield>
      <subfield code="c">24 cm</subfield>
    </datafield>
    <datafield tag="651" ind1=" " ind2="4">
      <subfield code="a">Győr (Győr-Moson-Sopron megye)</subfield>
    </datafield>
    <datafield tag="700" ind1=" " ind2=" ">
      <subfield code="a">Tarcsay László</subfield>
    </datafield>
    <datafield tag="852" ind1=" " ind2=" ">
      <subfield code="a">D1</subfield>
      <subfield code="b">D1</subfield>
      <subfield code="x">ISISIIF0013268</subfield>
    </datafield>
  </record>