
  <record>
    <leader>00769nam  2200217 i 4500</leader>
    <controlfield tag="001">MOKKAZ0006404937  </controlfield>
    <controlfield tag="005">20040915200837.0</controlfield>
    <controlfield tag="008">010427s2000    hu arc        000 0dhun d</controlfield>
    <datafield tag="020" ind1=" " ind2=" ">
      <subfield code="a">963-86106-1-1 (kötött)</subfield>
    </datafield>
    <datafield tag="035" ind1=" " ind2=" ">
      <subfield code="a">803390</subfield>
    </datafield>
    <datafield tag="040" ind1=" " ind2=" ">
      <subfield code="a">OSZK</subfield>
    </datafield>
    <datafield tag="041" ind1="0" ind2=" ">
      <subfield code="a">hunhun</subfield>
    </datafield>
    <datafield tag="072" ind1=" " ind2="1">
      <subfield code="a">Z</subfield>
    </datafield>
    <datafield tag="245" ind1="0" ind2="0">
      <subfield code="a">100 éves a Magyar Labdarúgó Szövetség, 1901-2000 /</subfield>
      <subfield code="c">[főszerk. Thaly Zoltán] ; [a szerkesztésben résztvett Berzi Sándor et al.]</subfield>
    </datafield>
    <datafield tag="260" ind1=" " ind2=" ">
      <subfield code="a">Budapest :</subfield>
      <subfield code="b">MLSZ :</subfield>
      <subfield code="b">Szókincs,</subfield>
      <subfield code="c">2000</subfield>
      <subfield code="e">([Budapest]</subfield>
      <subfield code="f">Folpress)</subfield>
    </datafield>
    <datafield tag="300" ind1=" " ind2=" ">
      <subfield code="a">260 p. :</subfield>
      <subfield code="b">ill., részben színes ;</subfield>
      <subfield code="c">31 cm</subfield>
    </datafield>
    <datafield tag="610" ind1="2" ind2="4">
      <subfield code="a">Magyar Labdarúgó Szövetség</subfield>
    </datafield>
    <datafield tag="700" ind1="1" ind2=" ">
      <subfield code="a">Thaly Zoltán</subfield>
      <subfield code="4">(szerk.)</subfield>
    </datafield>
    <datafield tag="700" ind1="1" ind2=" ">
      <subfield code="a">Berzi Sándor</subfield>
      <subfield code="4">(szerk.)</subfield>
    </datafield>
    <datafield tag="710" ind1="2" ind2=" ">
      <subfield code="a">Magyar Labdarúgó Szövetség</subfield>
      <subfield code="4">közread.</subfield>
    </datafield>
    <datafield tag="852" ind1=" " ind2=" ">
      <subfield code="a">B1</subfield>
      <subfield code="b">B1</subfield>
      <subfield code="x">803390</subfield>
    </datafield>
  </record>