
  <record>
    <leader>01206fam  2200265 i 4500</leader>
    <controlfield tag="001">MOKKAZ0006409012  </controlfield>
    <controlfield tag="005">20040915201040.0</controlfield>
    <controlfield tag="008">010809s2001    hu ar         000 0 hun d</controlfield>
    <datafield tag="020" ind1=" " ind2=" ">
      <subfield code="a">963-00-7410-9 (fűzött)</subfield>
    </datafield>
    <datafield tag="035" ind1=" " ind2=" ">
      <subfield code="a">900452</subfield>
    </datafield>
    <datafield tag="040" ind1=" " ind2=" ">
      <subfield code="a">OSZK</subfield>
    </datafield>
    <datafield tag="041" ind1="0" ind2=" ">
      <subfield code="a">hunhun</subfield>
    </datafield>
    <datafield tag="100" ind1="1" ind2=" ">
      <subfield code="a">Tóth Imre</subfield>
    </datafield>
    <datafield tag="245" ind1="1" ind2="0">
      <subfield code="a">100 éves a Vasárugyár Részvénytársaság Sopron : </subfield>
      <subfield code="b">alapítva 1901-ben /</subfield>
      <subfield code="c">[írta Tóth Imre és Hetesi László] ; [közread. az] Elzett Sopron Kft., Euro Elzett Kft., Roto Elzett Certa Kft.</subfield>
    </datafield>
    <datafield tag="260" ind1=" " ind2=" ">
      <subfield code="a">[Sopron] :</subfield>
      <subfield code="b">Elzett Sopron Kft. :</subfield>
      <subfield code="b">Euro Elzett Kft. :</subfield>
      <subfield code="b">Roto Elzett Certa Kft.,</subfield>
      <subfield code="c">[2001]</subfield>
      <subfield code="e">([S.l.]</subfield>
      <subfield code="f">[s.n.])</subfield>
    </datafield>
    <datafield tag="300" ind1=" " ind2=" ">
      <subfield code="a">35 p. :</subfield>
      <subfield code="b">ill., részben színes ;</subfield>
      <subfield code="c">30 cm</subfield>
    </datafield>
    <datafield tag="610" ind1="2" ind2="4">
      <subfield code="a">Euro-Elzett Zárgyártó és Kereskedelmi Kft. (Sopron)</subfield>
    </datafield>
    <datafield tag="610" ind1="2" ind2="4">
      <subfield code="a">Elzett Sopron Felületkezelő Kft.</subfield>
    </datafield>
    <datafield tag="610" ind1="2" ind2="4">
      <subfield code="a">Roto Elzett Certa Vasalatgyártó és Kereskedelmi Kft. (Lövő)</subfield>
    </datafield>
    <datafield tag="700" ind1="1" ind2="0">
      <subfield code="a">Hetesi László</subfield>
    </datafield>
    <datafield tag="710" ind1="2" ind2=" ">
      <subfield code="a">Euro-Elzett Zárgyártó és Kereskedelmi Kft (Sopron)</subfield>
      <subfield code="4">közread.</subfield>
    </datafield>
    <datafield tag="710" ind1="2" ind2=" ">
      <subfield code="a">Elzett Sopron Felületkezelő Kft</subfield>
      <subfield code="4">közread.</subfield>
    </datafield>
    <datafield tag="710" ind1="2" ind2=" ">
      <subfield code="a">Roto Elzett Certa Vasalatgyártó és Kereskedelmi Kft (Lövő)</subfield>
      <subfield code="4">közread.</subfield>
    </datafield>
    <datafield tag="852" ind1=" " ind2=" ">
      <subfield code="a">B1</subfield>
      <subfield code="b">B1</subfield>
      <subfield code="x">900452</subfield>
    </datafield>
    <datafield tag="852" ind1=" " ind2=" ">
      <subfield code="a">P1</subfield>
      <subfield code="b">P1/TT</subfield>
      <subfield code="x">bibJPT00201681</subfield>
    </datafield>
  </record>