
  <record>
    <leader>01066nam  2200277 i 4500</leader>
    <controlfield tag="001">MOKKAS0001427242  </controlfield>
    <controlfield tag="005">20060113133605.0</controlfield>
    <controlfield tag="008">050903s1962    hu            00010 hun d</controlfield>
    <datafield tag="020" ind1=" " ind2=" ">
      <subfield code="a">(fűzött)</subfield>
    </datafield>
    <datafield tag="035" ind1=" " ind2=" ">
      <subfield code="a">bibVFK00244145</subfield>
    </datafield>
    <datafield tag="040" ind1=" " ind2=" ">
      <subfield code="a">VFMK</subfield>
    </datafield>
    <datafield tag="245" ind1="0" ind2="0">
      <subfield code="a">100 éves a Palotásy Kórus :</subfield>
      <subfield code="b">1862-1962 /</subfield>
      <subfield code="c">Tóth János ; ... kiad. a jászberényi Palotásy Kórus</subfield>
    </datafield>
    <datafield tag="260" ind1=" " ind2=" ">
      <subfield code="a">Jászberény :</subfield>
      <subfield code="b">Palotásy Kórus,</subfield>
      <subfield code="c">1962</subfield>
      <subfield code="e">(Jászberény :</subfield>
      <subfield code="f">Jászberényi ny.)</subfield>
    </datafield>
    <datafield tag="300" ind1=" " ind2=" ">
      <subfield code="a">28 p. :</subfield>
      <subfield code="b">ill. ;</subfield>
      <subfield code="c">24 cm</subfield>
    </datafield>
    <datafield tag="610" ind1="2" ind2=" ">
      <subfield code="a">Palotásy Kórus (Jászberény)</subfield>
    </datafield>
    <datafield tag="650" ind1=" " ind2="4">
      <subfield code="a">Kóruskultúra</subfield>
    </datafield>
    <datafield tag="650" ind1=" " ind2="7">
      <subfield code="a">Jászberény</subfield>
      <subfield code="2">szte</subfield>
    </datafield>
    <datafield tag="650" ind1=" " ind2="7">
      <subfield code="a">Jászberény</subfield>
      <subfield code="x">honismeret</subfield>
      <subfield code="2">szte</subfield>
    </datafield>
    <datafield tag="651" ind1=" " ind2="4">
      <subfield code="a">Jászberény</subfield>
    </datafield>
    <datafield tag="695" ind1=" " ind2=" ">
      <subfield code="a">xxx</subfield>
    </datafield>
    <datafield tag="695" ind1=" " ind2=" ">
      <subfield code="a">Kórusművészet</subfield>
      <subfield code="x">Jászberény</subfield>
      <subfield code="y">1862-1962</subfield>
      <subfield code="x">története</subfield>
    </datafield>
    <datafield tag="700" ind1="1" ind2=" ">
      <subfield code="a">Tóth János</subfield>
      <subfield code="c">hism. múz</subfield>
      <subfield code="c">(múzeumigazgató, muzeológus)</subfield>
      <subfield code="4">bev.</subfield>
    </datafield>
    <datafield tag="700" ind1="1" ind2=" ">
      <subfield code="a">Sáros András</subfield>
      <subfield code="d">(1912-1983)</subfield>
      <subfield code="c">(tanár, festőművész, tudományos kutató, író)</subfield>
      <subfield code="4">címlap</subfield>
    </datafield>
    <datafield tag="700" ind1="1" ind2=" ">
      <subfield code="a">Morvay Lajos</subfield>
      <subfield code="c">(fotó)</subfield>
      <subfield code="4">fotó</subfield>
    </datafield>
    <datafield tag="852" ind1=" " ind2=" ">
      <subfield code="a">SZL1</subfield>
      <subfield code="b">SZL1</subfield>
      <subfield code="x">bibVFK00244145</subfield>
    </datafield>
    <datafield tag="852" ind1=" " ind2=" ">
      <subfield code="a">SZ4</subfield>
      <subfield code="b">SZ4</subfield>
      <subfield code="x">bibSOK00153332</subfield>
    </datafield>
  </record>