
  <record>
    <leader>00916aam  2200229 i 4500</leader>
    <controlfield tag="001">MOKKAZ0006218492  </controlfield>
    <controlfield tag="005">20040915181440.0</controlfield>
    <controlfield tag="008">940509t19861986hu            000 0 hun d</controlfield>
    <datafield tag="020" ind1=" " ind2=" ">
      <subfield code="a">963-01-7533-9 (fűzött)</subfield>
    </datafield>
    <datafield tag="035" ind1=" " ind2=" ">
      <subfield code="a">786207</subfield>
    </datafield>
    <datafield tag="040" ind1=" " ind2=" ">
      <subfield code="a">OSZK</subfield>
    </datafield>
    <datafield tag="041" ind1="0" ind2=" ">
      <subfield code="a">hunhun</subfield>
    </datafield>
    <datafield tag="072" ind1=" " ind2="1">
      <subfield code="a">H</subfield>
    </datafield>
    <datafield tag="100" ind1="1" ind2=" ">
      <subfield code="a">Virosztek Ferenc</subfield>
    </datafield>
    <datafield tag="245" ind1="1" ind2="0">
      <subfield code="a">100 éves a kunhegyesi ipari szakmunkásképzés /</subfield>
      <subfield code="c">[írta és összeáll. Virosztek Ferenc] ; [... a Mezőgazdasági és Ipari Szakmunkásképző Intézet Kunhegyes gondozásában készült]</subfield>
    </datafield>
    <datafield tag="260" ind1=" " ind2=" ">
      <subfield code="a">[Kunhegyes] :</subfield>
      <subfield code="b">Mezőgazd. és Ip. Szakmunkásk. Int.,</subfield>
      <subfield code="c">1986</subfield>
      <subfield code="e">([Kunhegyes]</subfield>
      <subfield code="f">Kunság Népe Mg. Tsz. Ny.)</subfield>
    </datafield>
    <datafield tag="300" ind1=" " ind2=" ">
      <subfield code="a">26 p., [14] t. ;</subfield>
      <subfield code="c">21 cm</subfield>
    </datafield>
    <datafield tag="500" ind1=" " ind2=" ">
      <subfield code="a">Kézirat</subfield>
    </datafield>
    <datafield tag="500" ind1=" " ind2=" ">
      <subfield code="a">500</subfield>
    </datafield>
    <datafield tag="610" ind1="2" ind2="4">
      <subfield code="a">Mezőgazdasági és Ipari Szakmunkásképző Intézet (Kunhegyes)</subfield>
    </datafield>
    <datafield tag="710" ind1="2" ind2=" ">
      <subfield code="a">Mezőgazdasági és Ipari Szakmunkásképző Intézet (Kunhegyes)</subfield>
      <subfield code="4">közread.</subfield>
    </datafield>
    <datafield tag="852" ind1=" " ind2=" ">
      <subfield code="a">B1</subfield>
      <subfield code="b">B1</subfield>
      <subfield code="x">786207</subfield>
    </datafield>
  </record>