
  <record>
    <leader>00631nam  2200157 i 4500</leader>
    <controlfield tag="001">MOKKAZ0003369402  </controlfield>
    <controlfield tag="005">20040909183412.0</controlfield>
    <controlfield tag="008">960917q19901996hu ao         00010 hun d</controlfield>
    <datafield tag="035" ind1=" " ind2=" ">
      <subfield code="a">bibKLT00110581</subfield>
    </datafield>
    <datafield tag="040" ind1=" " ind2=" ">
      <subfield code="a">DEENK</subfield>
    </datafield>
    <datafield tag="245" ind1="0" ind2="0">
      <subfield code="a">100 éves az Észak-dunántúli Áramszolgáltató Részvénytársaság /</subfield>
      <subfield code="c">[szerk Fuli Sándor] ; ... közrem. Balázs Szilárd [et al.]</subfield>
    </datafield>
    <datafield tag="260" ind1=" " ind2=" ">
      <subfield code="a">[S.l.] :</subfield>
      <subfield code="b">H+H Reklám,</subfield>
      <subfield code="c">[199?]</subfield>
    </datafield>
    <datafield tag="300" ind1=" " ind2=" ">
      <subfield code="a">352 p. :</subfield>
      <subfield code="b">ill., főként színes ;</subfield>
      <subfield code="c">29 cm</subfield>
    </datafield>
    <datafield tag="610" ind1="2" ind2=" ">
      <subfield code="a">Észak-dunántúli Áramszolgáltató Részvénytársaság</subfield>
    </datafield>
    <datafield tag="695" ind1=" " ind2=" ">
      <subfield code="a">áramszolgáltatás</subfield>
      <subfield code="x">történet</subfield>
      <subfield code="z">Észak-Dunántül</subfield>
    </datafield>
    <datafield tag="852" ind1=" " ind2=" ">
      <subfield code="a">D1</subfield>
      <subfield code="b">D1</subfield>
      <subfield code="x">bibKLT00110581</subfield>
    </datafield>
  </record>