
  <record>
    <leader>00567nam  2200169 i 4500</leader>
    <controlfield tag="001">MOKKAW0005536659  </controlfield>
    <controlfield tag="005">20080414212332.0</controlfield>
    <controlfield tag="008">990828s1998                  000 0 hun d</controlfield>
    <datafield tag="035" ind1=" " ind2=" ">
      <subfield code="a">BMEOMIKK000135635</subfield>
    </datafield>
    <datafield tag="040" ind1=" " ind2=" ">
      <subfield code="a">BMEOMIKK</subfield>
    </datafield>
    <datafield tag="041" ind1="0" ind2=" ">
      <subfield code="a">hun</subfield>
    </datafield>
    <datafield tag="245" ind1="0" ind2="0">
      <subfield code="a">100 éves a MÁV Debreceni Járműjavító Kft. : </subfield>
      <subfield code="b">Üzemtörténet, 1898-1998 /</subfield>
      <subfield code="c">szerk. Zágonyi Imre</subfield>
    </datafield>
    <datafield tag="260" ind1=" " ind2=" ">
      <subfield code="a">Debrecen :</subfield>
      <subfield code="b">Licium-Art,</subfield>
      <subfield code="c">1998</subfield>
    </datafield>
    <datafield tag="300" ind1=" " ind2=" ">
      <subfield code="a">54 p., [27] t. ;</subfield>
      <subfield code="c">25 cm</subfield>
    </datafield>
    <datafield tag="700" ind1="1" ind2=" ">
      <subfield code="a">Zágonyi Imre</subfield>
    </datafield>
    <datafield tag="710" ind1="2" ind2=" ">
      <subfield code="a">Magyar Államvasutak.</subfield>
      <subfield code="b">Debreceni Járműjavító Kft.</subfield>
    </datafield>
    <datafield tag="852" ind1=" " ind2=" ">
      <subfield code="a">B11</subfield>
      <subfield code="b">B11</subfield>
      <subfield code="x">BMEOMIKK000135635</subfield>
    </datafield>
  </record>