
  <record>
    <leader>01142fam  2200277 i 4500</leader>
    <controlfield tag="001">MOKKAZ0006240099  </controlfield>
    <controlfield tag="005">20040915182705.0</controlfield>
    <controlfield tag="008">940509t19901990hu a          000 0 hun d</controlfield>
    <datafield tag="020" ind1=" " ind2=" ">
      <subfield code="a">963-02-8678-5 (fűzött)</subfield>
    </datafield>
    <datafield tag="035" ind1=" " ind2=" ">
      <subfield code="a">547882</subfield>
    </datafield>
    <datafield tag="040" ind1=" " ind2=" ">
      <subfield code="a">OSZK</subfield>
    </datafield>
    <datafield tag="041" ind1="0" ind2=" ">
      <subfield code="a">hunhun</subfield>
    </datafield>
    <datafield tag="100" ind1="1" ind2=" ">
      <subfield code="a">Balázs Béla</subfield>
    </datafield>
    <datafield tag="245" ind1="1" ind2="0">
      <subfield code="a">100 éves az Ukk és Csáktornya közötti vasút /</subfield>
      <subfield code="c">Balázs Béla, Kövér István ; [kiad. a MÁV Szombathelyi Igazgatósága és a Közlekedéstudományi Egyesület Vas Megyei Területi Szervezete]</subfield>
    </datafield>
    <datafield tag="260" ind1=" " ind2=" ">
      <subfield code="a">[Szombathely] :</subfield>
      <subfield code="b">MÁV Szombathelyi Ig. :</subfield>
      <subfield code="b">KTE Vas M. Területi Szerv.,</subfield>
      <subfield code="c">[1990]</subfield>
      <subfield code="e">(Szombathely</subfield>
      <subfield code="f">MÁV Szombathelyi Ig.)</subfield>
    </datafield>
    <datafield tag="300" ind1=" " ind2=" ">
      <subfield code="a">172 p., 17, [14] t., 20 t.fol. :</subfield>
      <subfield code="b">ill. ;</subfield>
      <subfield code="c">29 cm</subfield>
    </datafield>
    <datafield tag="500" ind1=" " ind2=" ">
      <subfield code="a">Kézirat</subfield>
    </datafield>
    <datafield tag="500" ind1=" " ind2=" ">
      <subfield code="a">100</subfield>
    </datafield>
    <datafield tag="650" ind1="0" ind2="4">
      <subfield code="a">vasúti közlekedés</subfield>
      <subfield code="z">Zala megye</subfield>
      <subfield code="y">1889-1989</subfield>
    </datafield>
    <datafield tag="700" ind1="1" ind2="0">
      <subfield code="a">Kövér István</subfield>
    </datafield>
    <datafield tag="710" ind1="2" ind2=" ">
      <subfield code="a">Magyar Államvasutak</subfield>
      <subfield code="a">Szombathelyi Igazgatóság</subfield>
      <subfield code="4">közread.</subfield>
    </datafield>
    <datafield tag="710" ind1="2" ind2=" ">
      <subfield code="a">Közlekedéstudományi Egyesület</subfield>
      <subfield code="a">Vas Megyei Területi Szervezet</subfield>
      <subfield code="4">közread.</subfield>
    </datafield>
    <datafield tag="852" ind1=" " ind2=" ">
      <subfield code="a">B1</subfield>
      <subfield code="b">B1</subfield>
      <subfield code="x">547882</subfield>
    </datafield>
    <datafield tag="852" ind1=" " ind2=" ">
      <subfield code="a">B11</subfield>
      <subfield code="b">B11</subfield>
      <subfield code="x">BMEOMIKK000045335</subfield>
    </datafield>
    <datafield tag="852" ind1=" " ind2=" ">
      <subfield code="a">M1</subfield>
      <subfield code="b">M1</subfield>
      <subfield code="x">124980</subfield>
    </datafield>
    <datafield tag="852" ind1=" " ind2=" ">
      <subfield code="a">D1</subfield>
      <subfield code="b">D1</subfield>
      <subfield code="x">ISISFEF0008307</subfield>
    </datafield>
  </record>