
  <record>
    <leader>00877fam  2200205 i 4500</leader>
    <controlfield tag="001">MOKKAZ0006334338  </controlfield>
    <controlfield tag="005">20040915193007.0</controlfield>
    <controlfield tag="008">951227s1995    hu ar         000 0 hun d</controlfield>
    <datafield tag="020" ind1=" " ind2=" ">
      <subfield code="a">963-02-9877-5 (kötött)</subfield>
    </datafield>
    <datafield tag="035" ind1=" " ind2=" ">
      <subfield code="a">163396</subfield>
    </datafield>
    <datafield tag="040" ind1=" " ind2=" ">
      <subfield code="a">OSZK</subfield>
    </datafield>
    <datafield tag="041" ind1="0" ind2=" ">
      <subfield code="a">hunhun</subfield>
    </datafield>
    <datafield tag="245" ind1="0" ind2="0">
      <subfield code="a">100 éves az Észak-dunántúli Áramszolgáltató Részvénytársaság /</subfield>
      <subfield code="c">[szerk. Fuli Sándor] ; a könyv elkészítésében közreműködtek Balázs Szilárd [et al.] ; [fotók Balázs Szilárd et al.]</subfield>
    </datafield>
    <datafield tag="260" ind1=" " ind2=" ">
      <subfield code="a">[Győr] :</subfield>
      <subfield code="b">ÉDÁSZ,</subfield>
      <subfield code="c">[1995]</subfield>
      <subfield code="e">(Győr</subfield>
      <subfield code="f">Stabil Reklám Studió)</subfield>
      <subfield code="e">(Gyula</subfield>
      <subfield code="f">Dürer)</subfield>
    </datafield>
    <datafield tag="300" ind1=" " ind2=" ">
      <subfield code="a">352 p. :</subfield>
      <subfield code="b">ill., részben színes ;</subfield>
      <subfield code="c">29 cm</subfield>
    </datafield>
    <datafield tag="610" ind1="2" ind2="4">
      <subfield code="a">Észak-dunántúli Áramszolgáltató Rt. (Győr)</subfield>
    </datafield>
    <datafield tag="700" ind1="1" ind2=" ">
      <subfield code="a">Balázs Szilárd</subfield>
      <subfield code="4">(közrem.)</subfield>
    </datafield>
    <datafield tag="700" ind1="1" ind2=" ">
      <subfield code="a">Fuli Sándor</subfield>
      <subfield code="4">(szerk.)</subfield>
    </datafield>
    <datafield tag="710" ind1="2" ind2=" ">
      <subfield code="a">Észak-dunántúli Áramszolgáltató Rt (Győr)</subfield>
      <subfield code="4">közread.</subfield>
    </datafield>
    <datafield tag="852" ind1=" " ind2=" ">
      <subfield code="a">B1</subfield>
      <subfield code="b">B1</subfield>
      <subfield code="x">163396</subfield>
    </datafield>
  </record>