
  <record>
    <leader>00743nam  2200193 i 4500</leader>
    <controlfield tag="001">MOKKAW0005785866  </controlfield>
    <controlfield tag="005">20080418215145.0</controlfield>
    <controlfield tag="008">030708s2003    hu            000 0 hun d</controlfield>
    <datafield tag="020" ind1=" " ind2=" ">
      <subfield code="a">963-210-031-X</subfield>
    </datafield>
    <datafield tag="035" ind1=" " ind2=" ">
      <subfield code="a">BMEOMIKK000449303</subfield>
    </datafield>
    <datafield tag="040" ind1=" " ind2=" ">
      <subfield code="a">BMEOMIKK</subfield>
    </datafield>
    <datafield tag="041" ind1="0" ind2=" ">
      <subfield code="a">hun</subfield>
    </datafield>
    <datafield tag="044" ind1=" " ind2=" ">
      <subfield code="a">hu</subfield>
    </datafield>
    <datafield tag="245" ind1="0" ind2="0">
      <subfield code="a">100 éves az áramszolgáltatás Székesfehérváron : </subfield>
      <subfield code="b">[fejezetek az áramszolgáltatás történetéből] /</subfield>
      <subfield code="c">[írták Czifrik Imre et al.] ; [kiad. a Magyar Elektrotechnikai Egyesület]</subfield>
    </datafield>
    <datafield tag="260" ind1=" " ind2=" ">
      <subfield code="a">[Székesfehérvár] :</subfield>
      <subfield code="b">Magyar Elektrotechnikai Egyesület,</subfield>
      <subfield code="c">2003</subfield>
    </datafield>
    <datafield tag="300" ind1=" " ind2=" ">
      <subfield code="a">135, 9 p. ;</subfield>
      <subfield code="c">24 cm</subfield>
    </datafield>
    <datafield tag="700" ind1="1" ind2=" ">
      <subfield code="a">Czifrik Imre</subfield>
    </datafield>
    <datafield tag="710" ind1="2" ind2=" ">
      <subfield code="a">Magyar Elektrotechnikai Egyesület.</subfield>
      <subfield code="b">Székesfehérvári Szervezet</subfield>
    </datafield>
    <datafield tag="852" ind1=" " ind2=" ">
      <subfield code="a">B11</subfield>
      <subfield code="b">B11</subfield>
      <subfield code="x">BMEOMIKK000449303</subfield>
    </datafield>
  </record>