
  <record>
    <leader>01088fam  2200253 i 4500</leader>
    <controlfield tag="001">MOKKAZ0006461370  </controlfield>
    <controlfield tag="005">20040915203744.0</controlfield>
    <controlfield tag="008">030703s2003    hu a          000 0 hun d</controlfield>
    <datafield tag="020" ind1=" " ind2=" ">
      <subfield code="a">963-210-031-X (fűzött)</subfield>
    </datafield>
    <datafield tag="035" ind1=" " ind2=" ">
      <subfield code="a">1031347</subfield>
    </datafield>
    <datafield tag="040" ind1=" " ind2=" ">
      <subfield code="a">OSZK</subfield>
    </datafield>
    <datafield tag="041" ind1="0" ind2=" ">
      <subfield code="a">hunhun</subfield>
    </datafield>
    <datafield tag="245" ind1="0" ind2="0">
      <subfield code="a">100 éves az áramszolgáltatás Székesfehérváron /</subfield>
      <subfield code="c">[írták Czifrik Imre et al.] ; [kiad. Magyar Elektrotechnikai Egyesület Székesfehérvári Szervezete]</subfield>
    </datafield>
    <datafield tag="260" ind1=" " ind2=" ">
      <subfield code="a">[Székesfehérvár] :</subfield>
      <subfield code="b">MEE Székesfehérvári Szerv.,</subfield>
      <subfield code="c">2003</subfield>
      <subfield code="e">(Székesfehérvár</subfield>
      <subfield code="f">G+B 96)</subfield>
    </datafield>
    <datafield tag="300" ind1=" " ind2=" ">
      <subfield code="a">[6], 135, 9 p. :</subfield>
      <subfield code="b">ill. ;</subfield>
      <subfield code="c">24 cm</subfield>
    </datafield>
    <datafield tag="500" ind1=" " ind2=" ">
      <subfield code="a">Példányszám: 400</subfield>
    </datafield>
    <datafield tag="610" ind1="2" ind2="4">
      <subfield code="a">Észak-dunántúli Áramszolgáltató Rt. (Győr)</subfield>
    </datafield>
    <datafield tag="650" ind1=" " ind2="4">
      <subfield code="a">Villamosenergia-termelés</subfield>
      <subfield code="z">Magyarország</subfield>
      <subfield code="z">Székesfehérvár</subfield>
      <subfield code="x">történet</subfield>
    </datafield>
    <datafield tag="650" ind1=" " ind2="0">
      <subfield code="a">Electric power production</subfield>
      <subfield code="z">Hungary</subfield>
      <subfield code="z">Székesfehérvár</subfield>
      <subfield code="x">History.</subfield>
    </datafield>
    <datafield tag="700" ind1="1" ind2=" ">
      <subfield code="a">Czifrik Imre</subfield>
      <subfield code="4">(közrem.)</subfield>
    </datafield>
    <datafield tag="710" ind1="2" ind2=" ">
      <subfield code="a">Magyar Elektrotechnikai Egyesület.</subfield>
      <subfield code="b">Székesfehérvári Szervezet</subfield>
      <subfield code="4">közread.</subfield>
    </datafield>
    <datafield tag="852" ind1=" " ind2=" ">
      <subfield code="a">B1</subfield>
      <subfield code="b">B1</subfield>
      <subfield code="x">1031347</subfield>
    </datafield>
    <datafield tag="852" ind1=" " ind2=" ">
      <subfield code="a">D1</subfield>
      <subfield code="b">D1</subfield>
      <subfield code="x">1031347</subfield>
    </datafield>
    <datafield tag="852" ind1=" " ind2=" ">
      <subfield code="a">P1</subfield>
      <subfield code="b">P1/MK</subfield>
      <subfield code="x">bibJPT00231968</subfield>
    </datafield>
  </record>