
  <record>
    <leader>00915nam  2200265 i 4500</leader>
    <controlfield tag="001">MOKKAS0001365586  </controlfield>
    <controlfield tag="005">20060113013058.0</controlfield>
    <controlfield tag="008">      s1971    hu            00010 hun d</controlfield>
    <datafield tag="020" ind1=" " ind2=" ">
      <subfield code="a">963-02-9954-2* (fűzött) :</subfield>
      <subfield code="c">500,- Ft</subfield>
    </datafield>
    <datafield tag="035" ind1=" " ind2=" ">
      <subfield code="a">bibRFK00035341</subfield>
    </datafield>
    <datafield tag="040" ind1=" " ind2=" ">
      <subfield code="a">RFMK</subfield>
    </datafield>
    <datafield tag="041" ind1=" " ind2=" ">
      <subfield code="a">hun</subfield>
    </datafield>
    <datafield tag="245" ind1="0" ind2="0">
      <subfield code="a">100 éves az Ácsi Cukorgyár /</subfield>
      <subfield code="c">[szerk. Dancs József] ; [írták Baricza László et al.] ; [a fényképeket kész. Fodor Antal et al.]</subfield>
    </datafield>
    <datafield tag="250" ind1=" " ind2=" ">
      <subfield code="a">Utánny.</subfield>
    </datafield>
    <datafield tag="260" ind1=" " ind2=" ">
      <subfield code="a">[Ács] :</subfield>
      <subfield code="b">Magyar Cukor Rt. Ácsi Cukorgyár,</subfield>
      <subfield code="c">1971 [!1995]</subfield>
    </datafield>
    <datafield tag="300" ind1=" " ind2=" ">
      <subfield code="a">158 p. :</subfield>
      <subfield code="b">ill. ;</subfield>
      <subfield code="c">23 cm</subfield>
    </datafield>
    <datafield tag="500" ind1=" " ind2=" ">
      <subfield code="a">rk</subfield>
      <subfield code="a">k</subfield>
    </datafield>
    <datafield tag="610" ind1="2" ind2=" ">
      <subfield code="a">Magyar Cukor Rt.</subfield>
      <subfield code="b">Ácsi Cukorgyár</subfield>
    </datafield>
    <datafield tag="650" ind1=" " ind2="4">
      <subfield code="a">gyártörténet</subfield>
    </datafield>
    <datafield tag="650" ind1=" " ind2="4">
      <subfield code="a">1871-1971</subfield>
    </datafield>
    <datafield tag="700" ind1="1" ind2=" ">
      <subfield code="a">Dancs József</subfield>
      <subfield code="d">(1908)</subfield>
      <subfield code="4">szerk.</subfield>
    </datafield>
    <datafield tag="700" ind1="1" ind2=" ">
      <subfield code="a">Baricza László</subfield>
      <subfield code="4">közrem.</subfield>
    </datafield>
    <datafield tag="700" ind1="1" ind2=" ">
      <subfield code="a">Fodor Antal</subfield>
      <subfield code="4">fotó</subfield>
    </datafield>
    <datafield tag="710" ind1="2" ind2=" ">
      <subfield code="a">Magyar Cukor Rt.</subfield>
      <subfield code="b">Ácsi Cukorgyár</subfield>
      <subfield code="4">közread.</subfield>
    </datafield>
    <datafield tag="852" ind1=" " ind2=" ">
      <subfield code="a">M2</subfield>
      <subfield code="b">M2</subfield>
      <subfield code="x">bibRFK00035341</subfield>
    </datafield>
  </record>