
  <record>
    <leader>00532nam  2200169 i 4500</leader>
    <controlfield tag="001">MOKKAS0003374486  </controlfield>
    <controlfield tag="005">20060605070758.0</controlfield>
    <controlfield tag="008">050101s1971                            d</controlfield>
    <datafield tag="035" ind1=" " ind2=" ">
      <subfield code="a">646849</subfield>
    </datafield>
    <datafield tag="040" ind1=" " ind2=" ">
      <subfield code="a">KKMK</subfield>
    </datafield>
    <datafield tag="245" ind1="0" ind2="0">
      <subfield code="a">100 éves az Ácsi Cukorgyár /</subfield>
      <subfield code="c">[szerk.] Dancs József ; kiad. Ácsi Cukorgyár</subfield>
    </datafield>
    <datafield tag="260" ind1=" " ind2=" ">
      <subfield code="a">Budapest :</subfield>
      <subfield code="b">Franklin Nyomda és Kiadó Kft.,</subfield>
      <subfield code="c">1971</subfield>
    </datafield>
    <datafield tag="300" ind1=" " ind2=" ">
      <subfield code="a">158, [1] p. ;</subfield>
      <subfield code="c">23 cm</subfield>
    </datafield>
    <datafield tag="610" ind1="2" ind2="4">
      <subfield code="a">Ácsi Cukorgyár</subfield>
    </datafield>
    <datafield tag="700" ind1="1" ind2="0">
      <subfield code="a">Dancs József</subfield>
      <subfield code="4">([szerk.])</subfield>
    </datafield>
    <datafield tag="710" ind1="2" ind2="0">
      <subfield code="a">Ácsi Cukorgyár</subfield>
      <subfield code="4">kiad.</subfield>
    </datafield>
    <datafield tag="852" ind1=" " ind2=" ">
      <subfield code="a">GY1</subfield>
      <subfield code="b">GY1</subfield>
      <subfield code="x">646849</subfield>
    </datafield>
  </record>