
  <record>
    <leader>00932cam  2200265 i 4500</leader>
    <controlfield tag="001">MOKKAN0003917941  </controlfield>
    <controlfield tag="005">20061105135032.0</controlfield>
    <controlfield tag="008">961024c        xx            00010 hun d</controlfield>
    <datafield tag="020" ind1=" " ind2=" ">
      <subfield code="a">963 02 9515 6 (össz.)</subfield>
    </datafield>
    <datafield tag="020" ind1=" " ind2=" ">
      <subfield code="a">963 02 9520 2</subfield>
    </datafield>
    <datafield tag="035" ind1=" " ind2=" ">
      <subfield code="a">29882</subfield>
    </datafield>
    <datafield tag="040" ind1=" " ind2=" ">
      <subfield code="a">MEKLM</subfield>
    </datafield>
    <datafield tag="041" ind1="0" ind2=" ">
      <subfield code="a">hun</subfield>
    </datafield>
    <datafield tag="100" ind1="1" ind2="0">
      <subfield code="a">Doktor Jenő</subfield>
    </datafield>
    <datafield tag="245" ind1="1" ind2="0">
      <subfield code="a">100 éves az Elektromos Művek, 1893-1993 :</subfield>
      <subfield code="b">Munkakörülmények, szórakozás /</subfield>
      <subfield code="c">[szerzők Doktor Jenő, Lengyel Gábor] ; főszerk. Börcsök Dezső ; [közread. a] Budapesti Elektromos Művek Rt</subfield>
    </datafield>
    <datafield tag="260" ind1="0" ind2="1">
      <subfield code="a">Bp. :</subfield>
      <subfield code="b">ELMŰ ; Mediaen,</subfield>
      <subfield code="c">1993</subfield>
    </datafield>
    <datafield tag="300" ind1=" " ind2=" ">
      <subfield code="a">32 p. :</subfield>
      <subfield code="b">ill. ;</subfield>
      <subfield code="c">24 cm</subfield>
    </datafield>
    <datafield tag="490" ind1="1" ind2=" ">
      <subfield code="a">(Technikatörténeti füzetek ;</subfield>
      <subfield code="v">5.)</subfield>
    </datafield>
    <datafield tag="650" ind1="0" ind2="4">
      <subfield code="a">villamosenergia-termelés</subfield>
    </datafield>
    <datafield tag="700" ind1="1" ind2="0">
      <subfield code="a">Lengyel Gábor</subfield>
    </datafield>
    <datafield tag="700" ind1="1" ind2="1">
      <subfield code="a">Börcsök Dezső</subfield>
    </datafield>
    <datafield tag="710" ind1="1" ind2="1">
      <subfield code="a">Budapesti Elektromos Művek Rt.</subfield>
    </datafield>
    <datafield tag="740" ind1="0" ind2="1">
      <subfield code="a">Munkakörülmények, szórakozás</subfield>
    </datafield>
    <datafield tag="830" ind1=" " ind2="0">
      <subfield code="a">Technikatörténeti füzetek</subfield>
    </datafield>
    <datafield tag="852" ind1=" " ind2=" ">
      <subfield code="a">M1</subfield>
      <subfield code="b">M1</subfield>
      <subfield code="x">29882</subfield>
    </datafield>
  </record>