
  <record>
    <leader>01245nam  2200301 i 4500</leader>
    <controlfield tag="001">MOKKAZ0006310154  </controlfield>
    <controlfield tag="005">20100413140855.0</controlfield>
    <controlfield tag="008">931021s1992    hu roc        010 0 hun d</controlfield>
    <datafield tag="020" ind1=" " ind2=" ">
      <subfield code="a">963-04-2498-3 (fűzött)</subfield>
    </datafield>
    <datafield tag="035" ind1=" " ind2=" ">
      <subfield code="a">51378</subfield>
    </datafield>
    <datafield tag="040" ind1=" " ind2=" ">
      <subfield code="a">OSZK</subfield>
    </datafield>
    <datafield tag="041" ind1="0" ind2=" ">
      <subfield code="a">hunhun</subfield>
    </datafield>
    <datafield tag="110" ind1="2" ind2="0">
      <subfield code="a">Ének-Zene Tagozatos Általános Iskola</subfield>
      <subfield code="n">(4.)</subfield>
      <subfield code="c">(Nyíregyháza)</subfield>
    </datafield>
    <datafield tag="245" ind1="1" ind2="0">
      <subfield code="a">100 éves az iskolánk, 1892-1992 /</subfield>
      <subfield code="c">[... szerzői Margócsy József et al.] ; [szerk. Margócsy József, Alexa László] ; [kiad. a nyíregyházi 4. sz. Ének-Zene Tagozatos Általános Iskola]</subfield>
    </datafield>
    <datafield tag="260" ind1=" " ind2="1">
      <subfield code="a">[Nyíregyháza] :</subfield>
      <subfield code="b">4. sz. Ének-Zene Tagozatos Ált. Isk.,</subfield>
      <subfield code="c">[1992]</subfield>
      <subfield code="e">([Nyíregyháza]</subfield>
      <subfield code="f">Grafik)</subfield>
    </datafield>
    <datafield tag="300" ind1=" " ind2=" ">
      <subfield code="a">76 p. :</subfield>
      <subfield code="b">ill., főként színes ;</subfield>
      <subfield code="c">25 cm</subfield>
    </datafield>
    <datafield tag="500" ind1=" " ind2=" ">
      <subfield code="a">Példányszám: 1000</subfield>
    </datafield>
    <datafield tag="610" ind1="2" ind2="4">
      <subfield code="a">Ének-Zene Tagozatos Általános Iskola</subfield>
      <subfield code="n">(4.)</subfield>
      <subfield code="c">(Nyíregyháza)</subfield>
    </datafield>
    <datafield tag="650" ind1=" " ind2="7">
      <subfield code="a">1892-1992</subfield>
      <subfield code="2">opkm</subfield>
    </datafield>
    <datafield tag="650" ind1=" " ind2="7">
      <subfield code="a">iskolatörténet</subfield>
      <subfield code="2">opkm</subfield>
    </datafield>
    <datafield tag="650" ind1=" " ind2="7">
      <subfield code="a">Nyíregyháza</subfield>
      <subfield code="2">opkm</subfield>
    </datafield>
    <datafield tag="650" ind1=" " ind2="7">
      <subfield code="a">általános iskola</subfield>
      <subfield code="2">opkm</subfield>
    </datafield>
    <datafield tag="650" ind1=" " ind2="7">
      <subfield code="a">története</subfield>
      <subfield code="2">opkm</subfield>
    </datafield>
    <datafield tag="650" ind1=" " ind2="7">
      <subfield code="a">Nyíregyházi 4.sz.Ének-Zene Tagozatos Általános Iskola</subfield>
      <subfield code="2">opkm</subfield>
    </datafield>
    <datafield tag="700" ind1="1" ind2=" ">
      <subfield code="a">Margócsy József</subfield>
      <subfield code="d">(1919-)</subfield>
      <subfield code="4">(szerk.)</subfield>
    </datafield>
    <datafield tag="700" ind1="1" ind2=" ">
      <subfield code="a">Alexa László</subfield>
      <subfield code="d">(1954-)</subfield>
      <subfield code="4">(szerk.)</subfield>
    </datafield>
    <datafield tag="852" ind1=" " ind2=" ">
      <subfield code="a">B1</subfield>
      <subfield code="b">B1</subfield>
      <subfield code="x">51378</subfield>
    </datafield>
    <datafield tag="852" ind1=" " ind2=" ">
      <subfield code="a">B7</subfield>
      <subfield code="b">B7</subfield>
      <subfield code="x">42623</subfield>
    </datafield>
  </record>