
  <record>
    <leader>00618nam  22002175p 4500</leader>
    <controlfield tag="001">MOKKAW0006011880  </controlfield>
    <controlfield tag="005">20080725194140.0</controlfield>
    <controlfield tag="008">080331s2008                        hun d</controlfield>
    <datafield tag="035" ind1=" " ind2=" ">
      <subfield code="a">745967</subfield>
    </datafield>
    <datafield tag="040" ind1=" " ind2=" ">
      <subfield code="a">KSHK</subfield>
    </datafield>
    <datafield tag="041" ind1="0" ind2=" ">
      <subfield code="a">hun</subfield>
    </datafield>
    <datafield tag="100" ind1="1" ind2=" ">
      <subfield code="a">Fesztbaum Béla</subfield>
    </datafield>
    <datafield tag="245" ind1="0" ind2="0">
      <subfield code="a">100 éves az Egri Futball Club : </subfield>
      <subfield code="b">centenáriumi kiadvány /</subfield>
      <subfield code="c">[írta és szerk. Fesztbaum Béla]</subfield>
    </datafield>
    <datafield tag="260" ind1=" " ind2=" ">
      <subfield code="a">[S. l.] :</subfield>
      <subfield code="b">[s. n.],</subfield>
      <subfield code="c">[2008]</subfield>
    </datafield>
    <datafield tag="300" ind1=" " ind2=" ">
      <subfield code="a">20 p. :</subfield>
      <subfield code="b">ill. ;</subfield>
      <subfield code="c">21 cm</subfield>
    </datafield>
    <datafield tag="610" ind1="2" ind2="4">
      <subfield code="a">Egri Futball Club</subfield>
    </datafield>
    <datafield tag="653" ind1=" " ind2=" ">
      <subfield code="a">emlékkönyv</subfield>
    </datafield>
    <datafield tag="653" ind1=" " ind2=" ">
      <subfield code="a">labdarúgás</subfield>
    </datafield>
    <datafield tag="653" ind1=" " ind2=" ">
      <subfield code="a">sportegyesület</subfield>
    </datafield>
    <datafield tag="653" ind1=" " ind2=" ">
      <subfield code="a">sporttörténet</subfield>
    </datafield>
    <datafield tag="852" ind1=" " ind2=" ">
      <subfield code="a">B9</subfield>
      <subfield code="b">B9</subfield>
      <subfield code="x">745967</subfield>
    </datafield>
  </record>