
  <record>
    <leader>00517cam  2200157 i 4500</leader>
    <controlfield tag="001">MOKKAZ0003193242  </controlfield>
    <controlfield tag="005">20040909165129.0</controlfield>
    <controlfield tag="008">      s1986    hu                  hun d</controlfield>
    <datafield tag="020" ind1=" " ind2=" ">
      <subfield code="a">963 02 4372 7</subfield>
    </datafield>
    <datafield tag="035" ind1=" " ind2=" ">
      <subfield code="a">ISISFEF0009353</subfield>
    </datafield>
    <datafield tag="040" ind1=" " ind2=" ">
      <subfield code="a">DEENK</subfield>
    </datafield>
    <datafield tag="245" ind1="0" ind2="0">
      <subfield code="a">100 éves az egri Könnyűipari Gépgyártó Vállalat 10. sz. gyára /</subfield>
      <subfield code="c">Könnyűipari Gépgyártó Vállalat</subfield>
    </datafield>
    <datafield tag="260" ind1=" " ind2=" ">
      <subfield code="a">Eger :</subfield>
      <subfield code="b">KAEV,</subfield>
      <subfield code="c">1986</subfield>
    </datafield>
    <datafield tag="300" ind1=" " ind2=" ">
      <subfield code="a">64 p. :</subfield>
      <subfield code="b">Fotók ;</subfield>
      <subfield code="c">20 cm</subfield>
    </datafield>
    <datafield tag="710" ind1=" " ind2=" ">
      <subfield code="a">Könnyűipari Gépgyártó Vállalat</subfield>
    </datafield>
    <datafield tag="852" ind1=" " ind2=" ">
      <subfield code="a">D1</subfield>
      <subfield code="b">D1</subfield>
      <subfield code="x">ISISFEF0009353</subfield>
    </datafield>
  </record>