
  <record>
    <leader>00477nam  2200157 i 4500</leader>
    <controlfield tag="001">MOKKAN0004862380  </controlfield>
    <controlfield tag="005">20080311202944.0</controlfield>
    <controlfield tag="008">990828s1986                  000 0 hun d</controlfield>
    <datafield tag="035" ind1=" " ind2=" ">
      <subfield code="a">BMEOMIKK000011355</subfield>
    </datafield>
    <datafield tag="040" ind1=" " ind2=" ">
      <subfield code="a">BMEOMIKK</subfield>
    </datafield>
    <datafield tag="041" ind1="0" ind2=" ">
      <subfield code="a">hun</subfield>
    </datafield>
    <datafield tag="110" ind1="2" ind2="0">
      <subfield code="a">Könnyűipari Gépgyártó Vállalat</subfield>
    </datafield>
    <datafield tag="245" ind1="1" ind2="0">
      <subfield code="a">100 éves az egri Könnyűipari Gépgyártó Vállalat 10. sz. gyára</subfield>
    </datafield>
    <datafield tag="260" ind1=" " ind2=" ">
      <subfield code="a">Eger :</subfield>
      <subfield code="b">KAEV,</subfield>
      <subfield code="c">1986</subfield>
    </datafield>
    <datafield tag="300" ind1=" " ind2=" ">
      <subfield code="a">64 p., [30] t. ;</subfield>
      <subfield code="c">21 cm</subfield>
    </datafield>
    <datafield tag="852" ind1=" " ind2=" ">
      <subfield code="a">B11</subfield>
      <subfield code="b">B11</subfield>
      <subfield code="x">BMEOMIKK000011355</subfield>
    </datafield>
  </record>