
  <record>
    <leader>00926nam  2200253 i 4500</leader>
    <controlfield tag="001">MOKKAZ0006335157  </controlfield>
    <controlfield tag="005">20040915193032.0</controlfield>
    <controlfield tag="008">960125s1994    hu ao    b    001 0 hun d</controlfield>
    <datafield tag="020" ind1=" " ind2=" ">
      <subfield code="a">963-04-4848-3 (fűzött)</subfield>
    </datafield>
    <datafield tag="035" ind1=" " ind2=" ">
      <subfield code="a">167512</subfield>
    </datafield>
    <datafield tag="040" ind1=" " ind2=" ">
      <subfield code="a">OSZK</subfield>
    </datafield>
    <datafield tag="041" ind1="0" ind2=" ">
      <subfield code="a">hunhun</subfield>
    </datafield>
    <datafield tag="072" ind1=" " ind2="1">
      <subfield code="a">A</subfield>
    </datafield>
    <datafield tag="072" ind1=" " ind2="1">
      <subfield code="a">S</subfield>
    </datafield>
    <datafield tag="245" ind1="0" ind2="0">
      <subfield code="a">100 éves az Állattani Szakosztály, 1891-1991 /</subfield>
      <subfield code="c">[... szerk. Korsós Zoltán, Horváth Csaba]</subfield>
    </datafield>
    <datafield tag="260" ind1=" " ind2=" ">
      <subfield code="a">[Budapest] :</subfield>
      <subfield code="b">M. Biológiai Társ.,</subfield>
      <subfield code="c">1994</subfield>
      <subfield code="e">(Budapest</subfield>
      <subfield code="f">Pars)</subfield>
      <subfield code="f">Mottó)</subfield>
    </datafield>
    <datafield tag="300" ind1=" " ind2=" ">
      <subfield code="a">193 p., [18] t., [3] t.fol. :</subfield>
      <subfield code="b">ill. ;</subfield>
      <subfield code="c">24 cm</subfield>
    </datafield>
    <datafield tag="500" ind1=" " ind2=" ">
      <subfield code="a">Az Állattani közlemények, ISSN 0002-5658, 1994. évi 78. köt. (supplementum)</subfield>
    </datafield>
    <datafield tag="500" ind1=" " ind2=" ">
      <subfield code="a">Összefoglalás angol nyelven</subfield>
    </datafield>
    <datafield tag="504" ind1=" " ind2=" ">
      <subfield code="a">Bibliogr. a tanulmányok végén</subfield>
    </datafield>
    <datafield tag="610" ind1="2" ind2="4">
      <subfield code="a">Magyar Biológiai Társaság</subfield>
      <subfield code="a">Állattani Szakosztály</subfield>
    </datafield>
    <datafield tag="700" ind1="1" ind2=" ">
      <subfield code="a">Korsós Zoltán</subfield>
      <subfield code="d">(1958-)</subfield>
      <subfield code="4">(szerk.)</subfield>
    </datafield>
    <datafield tag="700" ind1="1" ind2=" ">
      <subfield code="a">Horváth Csaba</subfield>
      <subfield code="4">(szerk.)</subfield>
    </datafield>
    <datafield tag="852" ind1=" " ind2=" ">
      <subfield code="a">B1</subfield>
      <subfield code="b">B1</subfield>
      <subfield code="x">167512</subfield>
    </datafield>
  </record>