
  <record>
    <leader>00583nama 22001811i 4500</leader>
    <controlfield tag="001">MOKKAS0000761236  </controlfield>
    <controlfield tag="005">20101029220602.0</controlfield>
    <controlfield tag="008">041124s1986    hu            000 0 hunod</controlfield>
    <datafield tag="020" ind1=" " ind2=" ">
      <subfield code="a">963-02-4372-7</subfield>
    </datafield>
    <datafield tag="035" ind1=" " ind2=" ">
      <subfield code="a">1520319</subfield>
    </datafield>
    <datafield tag="040" ind1=" " ind2=" ">
      <subfield code="a">OSZK</subfield>
    </datafield>
    <datafield tag="041" ind1="0" ind2=" ">
      <subfield code="a">hunhun</subfield>
    </datafield>
    <datafield tag="080" ind1=" " ind2=" ">
      <subfield code="a">67/68.05(061.5)(439Eger)</subfield>
    </datafield>
    <datafield tag="100" ind1="1" ind2=" ">
      <subfield code="a">Kriston Pál</subfield>
      <subfield code="d">(1949-)</subfield>
    </datafield>
    <datafield tag="245" ind1="1" ind2="0">
      <subfield code="a">100 éves az egri Könnyűipari Gépgyártó Vállalat 10. sz. gyára /</subfield>
      <subfield code="c">[Kriston Pál]</subfield>
    </datafield>
    <datafield tag="260" ind1=" " ind2=" ">
      <subfield code="a">Eger :</subfield>
      <subfield code="b">Könnyűipari Gépgyártó Vállalat,</subfield>
      <subfield code="c">[1986]</subfield>
      <subfield code="e">(Eger</subfield>
      <subfield code="f">Technolux Ny.)</subfield>
    </datafield>
    <datafield tag="300" ind1=" " ind2=" ">
      <subfield code="a">64 p., 15 t. ;</subfield>
      <subfield code="c">21 cm</subfield>
    </datafield>
    <datafield tag="852" ind1=" " ind2=" ">
      <subfield code="a">B1</subfield>
      <subfield code="b">B1</subfield>
      <subfield code="x">1520319</subfield>
    </datafield>
  </record>