
  <record>
    <leader>00588cam  2200181 i 4500</leader>
    <controlfield tag="001">MOKKAN0004187041  </controlfield>
    <controlfield tag="005">20070314231145.0</controlfield>
    <controlfield tag="008">060412s1986    hu a          00010 hun d</controlfield>
    <datafield tag="035" ind1=" " ind2=" ">
      <subfield code="a">218872</subfield>
    </datafield>
    <datafield tag="040" ind1=" " ind2=" ">
      <subfield code="a">MEKLM</subfield>
    </datafield>
    <datafield tag="041" ind1="0" ind2=" ">
      <subfield code="a">hun</subfield>
    </datafield>
    <datafield tag="100" ind1="1" ind2=" ">
      <subfield code="a">Kriston Pál</subfield>
    </datafield>
    <datafield tag="245" ind1="1" ind2="0">
      <subfield code="a">100 éves az egri Könnyűipari Gépgyártó Vállalat 10. sz. gyára /</subfield>
      <subfield code="c">[Kriston Pál]</subfield>
    </datafield>
    <datafield tag="260" ind1=" " ind2=" ">
      <subfield code="a">Eger :</subfield>
      <subfield code="b">Könnyűipari Gépgyártó Váll.,</subfield>
      <subfield code="c">[1986]</subfield>
    </datafield>
    <datafield tag="300" ind1=" " ind2=" ">
      <subfield code="a">64 p., [30] t. :</subfield>
      <subfield code="b">ill. ;</subfield>
      <subfield code="c">21 cm</subfield>
    </datafield>
    <datafield tag="610" ind1="0" ind2="4">
      <subfield code="a">Könnyűipari Gépgyártó Vállalat</subfield>
      <subfield code="c">(Eger)</subfield>
    </datafield>
    <datafield tag="650" ind1="0" ind2="4">
      <subfield code="a">gépgyártás</subfield>
      <subfield code="x">könnyűipar</subfield>
    </datafield>
    <datafield tag="852" ind1=" " ind2=" ">
      <subfield code="a">M1</subfield>
      <subfield code="b">M1</subfield>
      <subfield code="x">218872</subfield>
    </datafield>
  </record>