
  <record>
    <leader>00537cam  2200157   4500</leader>
    <controlfield tag="001">MOKKAZ0003235957  </controlfield>
    <controlfield tag="005">20040909171834.0</controlfield>
    <controlfield tag="008">       1992                        hun  </controlfield>
    <datafield tag="035" ind1=" " ind2=" ">
      <subfield code="a">ISISIIF0011733</subfield>
    </datafield>
    <datafield tag="040" ind1=" " ind2=" ">
      <subfield code="a">DEENK</subfield>
    </datafield>
    <datafield tag="245" ind1="0" ind2="0">
      <subfield code="a">100 éves az iskolánk :</subfield>
      <subfield code="b">1892-1992 /</subfield>
      <subfield code="c">szerk. Margócsy József, Alexa László]</subfield>
    </datafield>
    <datafield tag="260" ind1=" " ind2=" ">
      <subfield code="a">Nyíregyháza :</subfield>
      <subfield code="b">Ének-Zene Tagozatos Ált. Isk.,</subfield>
      <subfield code="c">1992</subfield>
    </datafield>
    <datafield tag="300" ind1=" " ind2=" ">
      <subfield code="a">76 p. :</subfield>
      <subfield code="b">ill. ;</subfield>
      <subfield code="c">25 cm</subfield>
    </datafield>
    <datafield tag="700" ind1="1" ind2=" ">
      <subfield code="a">Margócsy József</subfield>
      <subfield code="d">(1919-)</subfield>
      <subfield code="c">(irodalomtörténész)</subfield>
    </datafield>
    <datafield tag="700" ind1="1" ind2=" ">
      <subfield code="a">Alexa László</subfield>
    </datafield>
    <datafield tag="852" ind1=" " ind2=" ">
      <subfield code="a">D1</subfield>
      <subfield code="b">D1</subfield>
      <subfield code="x">ISISIIF0011733</subfield>
    </datafield>
  </record>