
  <record>
    <leader>00670nam  2200181 i 4500</leader>
    <controlfield tag="001">MOKKAS0003374276  </controlfield>
    <controlfield tag="005">20060605070211.0</controlfield>
    <controlfield tag="008">050101s1987                            d</controlfield>
    <datafield tag="020" ind1=" " ind2=" ">
      <subfield code="a">963-024-753-4</subfield>
    </datafield>
    <datafield tag="035" ind1=" " ind2=" ">
      <subfield code="a">646166</subfield>
    </datafield>
    <datafield tag="040" ind1=" " ind2=" ">
      <subfield code="a">KKMK</subfield>
    </datafield>
    <datafield tag="245" ind1="0" ind2="0">
      <subfield code="a">100 éves az épületgépészeti szerelőipar /</subfield>
      <subfield code="c">öszeáll. és szerk. Menyhárt József</subfield>
    </datafield>
    <datafield tag="260" ind1=" " ind2=" ">
      <subfield code="a">Budapest :</subfield>
      <subfield code="b">Épületgépészeti Tech.,</subfield>
      <subfield code="c">1987</subfield>
    </datafield>
    <datafield tag="300" ind1=" " ind2=" ">
      <subfield code="a">264 p. :</subfield>
      <subfield code="b">ill. ;</subfield>
      <subfield code="c">28 cm</subfield>
    </datafield>
    <datafield tag="500" ind1=" " ind2=" ">
      <subfield code="a">Épületgépészet és az Épületgépészeti technika különkiadványa</subfield>
    </datafield>
    <datafield tag="610" ind1="2" ind2="4">
      <subfield code="a">Mosonmagyaróvári Fémfeldolgozó Vállalat (MOFÉM)</subfield>
    </datafield>
    <datafield tag="700" ind1="1" ind2="0">
      <subfield code="a">Menyhárt József</subfield>
      <subfield code="4">(öszeáll. és szerk.)</subfield>
    </datafield>
    <datafield tag="852" ind1=" " ind2=" ">
      <subfield code="a">GY1</subfield>
      <subfield code="b">GY1</subfield>
      <subfield code="x">646166</subfield>
    </datafield>
  </record>