
  <record>
    <leader>01051nam  2200289 i 4500</leader>
    <controlfield tag="001">MOKKAZ0006318834  </controlfield>
    <controlfield tag="005">20040915191210.0</controlfield>
    <controlfield tag="008">940915s1992    hu a    l     000 0 hun d</controlfield>
    <datafield tag="020" ind1=" " ind2=" ">
      <subfield code="a">963-7133-16-X (kötött)</subfield>
    </datafield>
    <datafield tag="035" ind1=" " ind2=" ">
      <subfield code="a">91826</subfield>
    </datafield>
    <datafield tag="040" ind1=" " ind2=" ">
      <subfield code="a">OSZK</subfield>
    </datafield>
    <datafield tag="041" ind1="1" ind2=" ">
      <subfield code="a">hunenghun</subfield>
    </datafield>
    <datafield tag="072" ind1=" " ind2="1">
      <subfield code="a">U</subfield>
    </datafield>
    <datafield tag="072" ind1=" " ind2="1">
      <subfield code="a">A</subfield>
    </datafield>
    <datafield tag="100" ind1="1" ind2=" ">
      <subfield code="a">Molnár István</subfield>
    </datafield>
    <datafield tag="245" ind1="1" ind2="0">
      <subfield code="a">100 éves az Országos Magyar Bányászati és Kohászati Egyesület : </subfield>
      <subfield code="b">1892-1992 /</subfield>
      <subfield code="c">Molnár István, Hatala Pál ; [kiad. a "Péch Antal" Miniatűrkönyv Gyűjtők Klubja]</subfield>
    </datafield>
    <datafield tag="246" ind1="1" ind2="4">
      <subfield code="a">Az OMBKE története, 1892-1992</subfield>
    </datafield>
    <datafield tag="260" ind1=" " ind2=" ">
      <subfield code="a">Budapest [!Miskolc] :</subfield>
      <subfield code="b">Péch Miniatűrkv.-gyűjtők Klubja,</subfield>
      <subfield code="c">1992</subfield>
      <subfield code="e">([Budapest]</subfield>
      <subfield code="f">Cerberus)</subfield>
    </datafield>
    <datafield tag="300" ind1=" " ind2=" ">
      <subfield code="a">109 p. ;</subfield>
      <subfield code="c">7x6 cm</subfield>
    </datafield>
    <datafield tag="500" ind1=" " ind2=" ">
      <subfield code="a">Példányszám: 1000</subfield>
    </datafield>
    <datafield tag="500" ind1=" " ind2=" ">
      <subfield code="a">Bibliofil kiad.</subfield>
    </datafield>
    <datafield tag="500" ind1=" " ind2=" ">
      <subfield code="a">A borítón zománcplakettel</subfield>
    </datafield>
    <datafield tag="546" ind1=" " ind2=" ">
      <subfield code="a">Magyar és angol nyelven</subfield>
    </datafield>
    <datafield tag="610" ind1="2" ind2="4">
      <subfield code="a">Országos Magyar Bányászati és Kohászati Egyesület</subfield>
    </datafield>
    <datafield tag="700" ind1="1" ind2="0">
      <subfield code="a">Hatala Pál</subfield>
    </datafield>
    <datafield tag="710" ind1="2" ind2=" ">
      <subfield code="a">Péch Antal Miniatűrkönyv-gyűjtők Klubja</subfield>
      <subfield code="4">közread.</subfield>
    </datafield>
    <datafield tag="852" ind1=" " ind2=" ">
      <subfield code="a">B1</subfield>
      <subfield code="b">B1</subfield>
      <subfield code="x">91826</subfield>
    </datafield>
  </record>