
  <record>
    <leader>00891fam  2200241 i 4500</leader>
    <controlfield tag="001">MOKKAZ0006370349  </controlfield>
    <controlfield tag="005">20040915194954.0</controlfield>
    <controlfield tag="008">981026s1998    hu a          000 0 hun d</controlfield>
    <datafield tag="020" ind1=" " ind2=" ">
      <subfield code="a">963-03-6122-1 (fűzött)</subfield>
    </datafield>
    <datafield tag="035" ind1=" " ind2=" ">
      <subfield code="a">323563</subfield>
    </datafield>
    <datafield tag="040" ind1=" " ind2=" ">
      <subfield code="a">OSZK</subfield>
    </datafield>
    <datafield tag="041" ind1="0" ind2=" ">
      <subfield code="a">hunhun</subfield>
    </datafield>
    <datafield tag="100" ind1="1" ind2=" ">
      <subfield code="a">Rogosz János</subfield>
    </datafield>
    <datafield tag="245" ind1="1" ind2="0">
      <subfield code="a">100 éves az örkényi községháza épülete /</subfield>
      <subfield code="c">Rogosz János ; [kiad. az Örkényi Nagyközségi Önkormányzat]</subfield>
    </datafield>
    <datafield tag="260" ind1=" " ind2=" ">
      <subfield code="a">Örkény :</subfield>
      <subfield code="b">Önkormányzat,</subfield>
      <subfield code="c">1998</subfield>
      <subfield code="e">(Budapest</subfield>
      <subfield code="f">Dura Stúdió)</subfield>
      <subfield code="e">([Dunaújváros]</subfield>
      <subfield code="f">Dunaújvárosi Nyip.)</subfield>
    </datafield>
    <datafield tag="300" ind1=" " ind2=" ">
      <subfield code="a">106 p. :</subfield>
      <subfield code="b">ill. ;</subfield>
      <subfield code="c">21 cm</subfield>
    </datafield>
    <datafield tag="650" ind1=" " ind2="4">
      <subfield code="a">Közintézmények</subfield>
      <subfield code="z">Magyarország</subfield>
    </datafield>
    <datafield tag="650" ind1=" " ind2="4">
      <subfield code="a">Közigazgatási hivatalok</subfield>
      <subfield code="z">Magyarország</subfield>
    </datafield>
    <datafield tag="650" ind1=" " ind2="0">
      <subfield code="a">Public institutions</subfield>
      <subfield code="z">Hungary.</subfield>
    </datafield>
    <datafield tag="650" ind1=" " ind2="0">
      <subfield code="a">Administrative agencies</subfield>
      <subfield code="z">Hungary.</subfield>
    </datafield>
    <datafield tag="710" ind1="1" ind2=" ">
      <subfield code="a">Örkény</subfield>
      <subfield code="a">Önkormányzat</subfield>
      <subfield code="4">közread.</subfield>
    </datafield>
    <datafield tag="852" ind1=" " ind2=" ">
      <subfield code="a">B1</subfield>
      <subfield code="b">B1</subfield>
      <subfield code="x">323563</subfield>
    </datafield>
    <datafield tag="852" ind1=" " ind2=" ">
      <subfield code="a">D1</subfield>
      <subfield code="b">D1</subfield>
      <subfield code="x">bibKLT00207029</subfield>
    </datafield>
  </record>