
  <record>
    <leader>00675cam  2200193 i 4500</leader>
    <controlfield tag="001">MOKKAS0001874461  </controlfield>
    <controlfield tag="005">20060530220815.0</controlfield>
    <controlfield tag="008">981126s1998    hu a          011 0dhun d</controlfield>
    <datafield tag="035" ind1=" " ind2=" ">
      <subfield code="a">53596</subfield>
    </datafield>
    <datafield tag="040" ind1=" " ind2=" ">
      <subfield code="a">ELTE</subfield>
    </datafield>
    <datafield tag="041" ind1="0" ind2=" ">
      <subfield code="a">hun</subfield>
    </datafield>
    <datafield tag="100" ind1="1" ind2=" ">
      <subfield code="a">Rogosz János</subfield>
    </datafield>
    <datafield tag="245" ind1="1" ind2="0">
      <subfield code="a">100 éves az örkényi községháza épülete</subfield>
      <subfield code="c">/ Rogosz János ; [kiad. az Örkényi Nagyközségi Önkormányzat]. -</subfield>
    </datafield>
    <datafield tag="260" ind1=" " ind2=" ">
      <subfield code="a">Örkény :</subfield>
      <subfield code="b">Önkormányzat,</subfield>
      <subfield code="c">1998</subfield>
      <subfield code="e">(Dunaújváros :</subfield>
      <subfield code="f">Nyomdaipari Kft.). -</subfield>
    </datafield>
    <datafield tag="300" ind1=" " ind2=" ">
      <subfield code="a">106 p. :</subfield>
      <subfield code="b">ill.;</subfield>
      <subfield code="c">21 cm.</subfield>
    </datafield>
    <datafield tag="650" ind1="0" ind2="4">
      <subfield code="a">helytörténet</subfield>
      <subfield code="z">Örkény</subfield>
      <subfield code="x">községháza</subfield>
      <subfield code="y">19-20. sz.</subfield>
    </datafield>
    <datafield tag="651" ind1=" " ind2=" ">
      <subfield code="a">Örkény</subfield>
    </datafield>
    <datafield tag="710" ind1="1" ind2=" ">
      <subfield code="a">Örkényi Nagyközségi Önkormányzat</subfield>
    </datafield>
    <datafield tag="852" ind1=" " ind2=" ">
      <subfield code="a">B2</subfield>
      <subfield code="b">B2</subfield>
      <subfield code="x">53596</subfield>
    </datafield>
  </record>