
  <record>
    <leader>00774cam  2200193   4500</leader>
    <controlfield tag="001">MOKKAZ0004777429  </controlfield>
    <controlfield tag="005">20071123095321.0</controlfield>
    <controlfield tag="008">      s1994    hu                  hun  </controlfield>
    <datafield tag="020" ind1=" " ind2=" ">
      <subfield code="a">963 04 4456 9 :</subfield>
    </datafield>
    <datafield tag="035" ind1=" " ind2=" ">
      <subfield code="a">bibJPT0019330</subfield>
    </datafield>
    <datafield tag="040" ind1=" " ind2=" ">
      <subfield code="a">PTE</subfield>
    </datafield>
    <datafield tag="100" ind1="1" ind2=" ">
      <subfield code="a">Szabó Antal</subfield>
    </datafield>
    <datafield tag="245" ind1="1" ind2="0">
      <subfield code="a">100 éves az áramszolgáltatás Dél-Dunántúlon, 1894-1994 /</subfield>
      <subfield code="c">[szerk. Szabó Antal]</subfield>
    </datafield>
    <datafield tag="260" ind1=" " ind2=" ">
      <subfield code="a">Pécs :</subfield>
      <subfield code="b">Dél-dunántúli Áramszolgáltató Rt.,</subfield>
      <subfield code="c">1994</subfield>
    </datafield>
    <datafield tag="300" ind1=" " ind2=" ">
      <subfield code="a">291 p. ;</subfield>
      <subfield code="c">30 cm</subfield>
    </datafield>
    <datafield tag="650" ind1=" " ind2="4">
      <subfield code="a">Villamosenergia-termelés</subfield>
      <subfield code="z">Magyarország</subfield>
      <subfield code="z">Dél-Dunántúl</subfield>
      <subfield code="x">történet</subfield>
    </datafield>
    <datafield tag="695" ind1=" " ind2=" ">
      <subfield code="a">atomerőmű ; energia ; ipar ; közgazdaság ; oktatás; szociálpolitika ; urbanizáció ; villamosenergia</subfield>
      <subfield code="x">történet</subfield>
    </datafield>
    <datafield tag="852" ind1=" " ind2=" ">
      <subfield code="a">P1</subfield>
      <subfield code="B">P1/O</subfield>
      <subfield code="B">P1/2S</subfield>
      <subfield code="b">P1/MH</subfield>
      <subfield code="x">bibJPT0019330</subfield>
    </datafield>
    <datafield tag="852" ind1=" " ind2=" ">
      <subfield code="a">SZK1</subfield>
      <subfield code="b">SZK1</subfield>
      <subfield code="x">bibTMK135172</subfield>
    </datafield>
  </record>