
  <record>
    <leader>00325cam  22001217  4500</leader>
    <controlfield tag="001">MOKKAZ0004637169  </controlfield>
    <controlfield tag="005">20040910085638.0</controlfield>
    <controlfield tag="008">000211s1972                        hun d</controlfield>
    <datafield tag="035" ind1=" " ind2=" ">
      <subfield code="a">bibFSZ136115</subfield>
    </datafield>
    <datafield tag="040" ind1=" " ind2=" ">
      <subfield code="a">FSZEK</subfield>
    </datafield>
    <datafield tag="245" ind1="0" ind2="0">
      <subfield code="a">100 éves Budapest :</subfield>
      <subfield code="b">1872/73-1972/73 /</subfield>
      <subfield code="c">Viszkei Mihály</subfield>
    </datafield>
    <datafield tag="260" ind1=" " ind2=" ">
      <subfield code="c">1972</subfield>
    </datafield>
    <datafield tag="852" ind1=" " ind2=" ">
      <subfield code="a">B10</subfield>
      <subfield code="b">0801B</subfield>
      <subfield code="x">bibFSZ136115</subfield>
    </datafield>
  </record>