
  <record>
    <leader>00628nam  2200181 i 4500</leader>
    <controlfield tag="001">MOKKAZ0003525868  </controlfield>
    <controlfield tag="005">20100617160234.0</controlfield>
    <controlfield tag="008">990308s1998    hu            00010 hun d</controlfield>
    <datafield tag="020" ind1=" " ind2=" ">
      <subfield code="a">963 04 8801 9</subfield>
    </datafield>
    <datafield tag="035" ind1=" " ind2=" ">
      <subfield code="a">bibKLT00212245</subfield>
    </datafield>
    <datafield tag="040" ind1=" " ind2=" ">
      <subfield code="a">DEENK</subfield>
    </datafield>
    <datafield tag="100" ind1="1" ind2=" ">
      <subfield code="a">Pándy Tamás</subfield>
      <subfield code="d">(1947-)</subfield>
    </datafield>
    <datafield tag="245" ind1="1" ind2="1">
      <subfield code="a">"100 éves falu a Városban" - Pestszentimre /</subfield>
      <subfield code="c">Pándy Tamás</subfield>
    </datafield>
    <datafield tag="260" ind1=" " ind2=" ">
      <subfield code="a">Pestszentimre :</subfield>
      <subfield code="b">A szerző :</subfield>
      <subfield code="b">Dr. Széky Endre Pestszentimre Történeti Társaság,</subfield>
      <subfield code="c">1998</subfield>
    </datafield>
    <datafield tag="300" ind1=" " ind2=" ">
      <subfield code="a">351 p., XVI t. :</subfield>
      <subfield code="b">ill. ;</subfield>
      <subfield code="c">25 cm</subfield>
    </datafield>
    <datafield tag="651" ind1=" " ind2="4">
      <subfield code="a">Budapest.</subfield>
      <subfield code="b">XVIII. kerület</subfield>
    </datafield>
    <datafield tag="651" ind1=" " ind2="0">
      <subfield code="a">Budapest (Hungary)</subfield>
      <subfield code="b">XVIII. kerület</subfield>
    </datafield>
    <datafield tag="852" ind1=" " ind2=" ">
      <subfield code="a">D1</subfield>
      <subfield code="b">D1</subfield>
      <subfield code="x">bibKLT00212245</subfield>
    </datafield>
  </record>