
  <record>
    <leader>01109nam  2200289 i 4500</leader>
    <controlfield tag="001">MOKKAZ0006373706  </controlfield>
    <controlfield tag="005">20100617160235.0</controlfield>
    <controlfield tag="008">990120s1998    hu arob  b    001 0 hun d</controlfield>
    <datafield tag="020" ind1=" " ind2=" ">
      <subfield code="a">963-04-8801-9 (kötött)</subfield>
    </datafield>
    <datafield tag="035" ind1=" " ind2=" ">
      <subfield code="a">336866</subfield>
    </datafield>
    <datafield tag="040" ind1=" " ind2=" ">
      <subfield code="a">OSZK</subfield>
    </datafield>
    <datafield tag="041" ind1="0" ind2=" ">
      <subfield code="a">hunhun</subfield>
    </datafield>
    <datafield tag="100" ind1="1" ind2=" ">
      <subfield code="a">Pándy Tamás</subfield>
      <subfield code="d">(1947-)</subfield>
    </datafield>
    <datafield tag="245" ind1="1" ind2="1">
      <subfield code="a">"100 éves falu a városban" - Pestszentimre /</subfield>
      <subfield code="c">Pándy Tamás ; [kiad. a Dr. Széky Endre Pestszentimre Történeti Társaság ...]</subfield>
    </datafield>
    <datafield tag="260" ind1=" " ind2=" ">
      <subfield code="a">[Budapest] :</subfield>
      <subfield code="b">Dr. Széky Endre Pestszentimre Tört. Társ.,</subfield>
      <subfield code="c">1998</subfield>
      <subfield code="e">([Budapest]</subfield>
      <subfield code="f">Mester Ny.)</subfield>
    </datafield>
    <datafield tag="300" ind1=" " ind2=" ">
      <subfield code="a">351 p., XVI t. :</subfield>
      <subfield code="b">ill., részben színes, részben térk. ;</subfield>
      <subfield code="c">25 cm</subfield>
    </datafield>
    <datafield tag="500" ind1=" " ind2=" ">
      <subfield code="a">Példányszám: 1000</subfield>
    </datafield>
    <datafield tag="504" ind1=" " ind2=" ">
      <subfield code="a">Bibliogr.: p. 321-322.</subfield>
    </datafield>
    <datafield tag="650" ind1=" " ind2="4">
      <subfield code="a">helytörténet</subfield>
    </datafield>
    <datafield tag="651" ind1=" " ind2="4">
      <subfield code="a">Budapest</subfield>
      <subfield code="b">XVIII. kerület</subfield>
    </datafield>
    <datafield tag="651" ind1=" " ind2=" ">
      <subfield code="a">Budapest.</subfield>
      <subfield code="b">18. kerület</subfield>
    </datafield>
    <datafield tag="651" ind1=" " ind2=" ">
      <subfield code="a">Budapest XVIII. kerület</subfield>
    </datafield>
    <datafield tag="651" ind1=" " ind2="4">
      <subfield code="a">Budapest.</subfield>
      <subfield code="b">XVIII. kerület</subfield>
    </datafield>
    <datafield tag="710" ind1="2" ind2=" ">
      <subfield code="a">Dr. Széky Endre Pestszentimre Történeti Társaság</subfield>
      <subfield code="4">közread.</subfield>
    </datafield>
    <datafield tag="852" ind1=" " ind2=" ">
      <subfield code="a">B1</subfield>
      <subfield code="b">B1</subfield>
      <subfield code="x">336866</subfield>
    </datafield>
    <datafield tag="852" ind1=" " ind2=" ">
      <subfield code="a">B10</subfield>
      <subfield code="B">1801</subfield>
      <subfield code="B">1803</subfield>
      <subfield code="B">0801</subfield>
      <subfield code="b">0801B</subfield>
      <subfield code="x">bibFSZ00147828</subfield>
    </datafield>
    <datafield tag="852" ind1=" " ind2=" ">
      <subfield code="a">B8</subfield>
      <subfield code="b">B8</subfield>
      <subfield code="x">OGYK000020849</subfield>
    </datafield>
  </record>