
  <record>
    <leader>01413aam  2200301 ir4500</leader>
    <controlfield tag="001">MOKKAZ0006233711  </controlfield>
    <controlfield tag="005">20100901214124.0</controlfield>
    <controlfield tag="008">940509t19861986hu            000 0 hun d</controlfield>
    <datafield tag="020" ind1=" " ind2=" ">
      <subfield code="a">963-01-7653-X (fűzött)</subfield>
    </datafield>
    <datafield tag="035" ind1=" " ind2=" ">
      <subfield code="a">525011</subfield>
    </datafield>
    <datafield tag="040" ind1=" " ind2=" ">
      <subfield code="a">OSZK</subfield>
    </datafield>
    <datafield tag="041" ind1="0" ind2=" ">
      <subfield code="a">hunhun</subfield>
    </datafield>
    <datafield tag="080" ind1=" " ind2=" ">
      <subfield code="a">377.3(439Nagykanizsa)"1886/1986"</subfield>
    </datafield>
    <datafield tag="245" ind1="1" ind2="0">
      <subfield code="a">100 éves Nagykanizsa város szakmunkásképző iskolája, 1886-1986 : </subfield>
      <subfield code="b">Emlékkönyv /</subfield>
      <subfield code="c">[szerk. Jászberényi László] ; [kiad. a ... Nagykanizsai 406. sz. Polai János Szakmunkásképző Intézet]</subfield>
    </datafield>
    <datafield tag="260" ind1=" " ind2=" ">
      <subfield code="a">Nagykanizsa :</subfield>
      <subfield code="b">Polai Szakmunkásképző Int.,</subfield>
      <subfield code="c">1986</subfield>
      <subfield code="e">([Zalaegerszeg]</subfield>
      <subfield code="f">Zala M. Moziüzemi Váll.)</subfield>
    </datafield>
    <datafield tag="300" ind1=" " ind2=" ">
      <subfield code="a">116 p. ;</subfield>
      <subfield code="c">24 cm</subfield>
    </datafield>
    <datafield tag="500" ind1=" " ind2=" ">
      <subfield code="a">2000</subfield>
    </datafield>
    <datafield tag="610" ind1="2" ind2="4">
      <subfield code="a">Polai János Szakmunkásképző Intézet (Nagykanizsa)</subfield>
    </datafield>
    <datafield tag="653" ind1=" " ind2=" ">
      <subfield code="a">nagykanizsai szakmunkásképző iskola története</subfield>
    </datafield>
    <datafield tag="695" ind1=" " ind2=" ">
      <subfield code="a">Polai János Szakmunkásképző Intézet</subfield>
    </datafield>
    <datafield tag="695" ind1=" " ind2=" ">
      <subfield code="a">Szakmunkásképzés</subfield>
    </datafield>
    <datafield tag="695" ind1=" " ind2=" ">
      <subfield code="a">Iskolatörténet</subfield>
      <subfield code="x">magyar</subfield>
    </datafield>
    <datafield tag="700" ind1="1" ind2=" ">
      <subfield code="a">Jászberényi László</subfield>
      <subfield code="4">(szerk.)</subfield>
    </datafield>
    <datafield tag="710" ind1="2" ind2=" ">
      <subfield code="a">Polai János Szakmunkásképző Intézet (Nagykanizsa)</subfield>
      <subfield code="4">közread.</subfield>
    </datafield>
    <datafield tag="780" ind1="0" ind2="0">
      <subfield code="t">Nagykanizsa megyei városi államilag segélyezett kereskedő-, szakirányú iparos fiú- és leány-tanonciskola értesítője az ... iskolai évről.</subfield>
      <subfield code="d">Nagykanizsa Közgazdasági ny. [1941]-[1944]</subfield>
      <subfield code="w">3025902</subfield>
    </datafield>
    <datafield tag="852" ind1=" " ind2=" ">
      <subfield code="a">B1</subfield>
      <subfield code="b">B1</subfield>
      <subfield code="x">525011</subfield>
    </datafield>
    <datafield tag="852" ind1=" " ind2=" ">
      <subfield code="a">SZ4</subfield>
      <subfield code="b">SZ4</subfield>
      <subfield code="x">963 01 7653 X</subfield>
    </datafield>
    <datafield tag="852" ind1=" " ind2=" ">
      <subfield code="a">B8</subfield>
      <subfield code="b">B8</subfield>
      <subfield code="x">OGYK000203332</subfield>
    </datafield>
  </record>