
  <record>
    <leader>00624nam  2200181 i 4500</leader>
    <controlfield tag="001">MOKKAZ0003334260  </controlfield>
    <controlfield tag="005">20040909181118.0</controlfield>
    <controlfield tag="008">960130s1995    hu a          00000 hun1d</controlfield>
    <datafield tag="020" ind1=" " ind2=" ">
      <subfield code="a">963 02 9792 2(fűzött)</subfield>
    </datafield>
    <datafield tag="035" ind1=" " ind2=" ">
      <subfield code="a">bibKLT00087628</subfield>
    </datafield>
    <datafield tag="040" ind1=" " ind2=" ">
      <subfield code="a">DEENK</subfield>
    </datafield>
    <datafield tag="100" ind1="1" ind2=" ">
      <subfield code="a">Naszádos István</subfield>
    </datafield>
    <datafield tag="245" ind1="1" ind2="0">
      <subfield code="a">100 éves Sárvári Cukorgyár :</subfield>
      <subfield code="b">(1895-1995) /</subfield>
      <subfield code="c">Naszádos István ; [fotó Bodrogi Tamás]</subfield>
    </datafield>
    <datafield tag="260" ind1="0" ind2=" ">
      <subfield code="a">Sárvár :</subfield>
      <subfield code="b">Magyar Cukor Rt. Sárvári Cukorgyára,</subfield>
      <subfield code="c">1995</subfield>
    </datafield>
    <datafield tag="300" ind1=" " ind2=" ">
      <subfield code="a">132 p. :</subfield>
      <subfield code="b">ill. ;</subfield>
      <subfield code="c">29 cm +</subfield>
      <subfield code="e">1 mell.</subfield>
    </datafield>
    <datafield tag="610" ind1="2" ind2=" ">
      <subfield code="a">Magyar Cukor Rt.</subfield>
      <subfield code="b">Sárvári Cukorgyár</subfield>
    </datafield>
    <datafield tag="700" ind1="1" ind2=" ">
      <subfield code="a">Bodrogi Tamás</subfield>
    </datafield>
    <datafield tag="852" ind1=" " ind2=" ">
      <subfield code="a">D1</subfield>
      <subfield code="b">D1</subfield>
      <subfield code="x">bibKLT00087628</subfield>
    </datafield>
  </record>