
  <record>
    <leader>01640nam  2200457 i 4500</leader>
    <controlfield tag="001">MOKKAW0005262881  </controlfield>
    <controlfield tag="005">20080408231646.0</controlfield>
    <controlfield tag="008">031127s1988                 u    j hun d</controlfield>
    <datafield tag="035" ind1=" " ind2=" ">
      <subfield code="a">NLVK91760</subfield>
    </datafield>
    <datafield tag="040" ind1=" " ind2=" ">
      <subfield code="a">NLVK</subfield>
    </datafield>
    <datafield tag="041" ind1="0" ind2=" ">
      <subfield code="a">hun</subfield>
    </datafield>
    <datafield tag="100" ind1="1" ind2=" ">
      <subfield code="a">Szabó Ernő</subfield>
      <subfield code="d">(1923-)</subfield>
    </datafield>
    <datafield tag="245" ind1="1" ind2="0">
      <subfield code="a">100 éves Vásárhely sportja (válogatás I-II.) /</subfield>
      <subfield code="c">Szabó Ernő ;  szerk. Ocsovszky László</subfield>
    </datafield>
    <datafield tag="260" ind1=" " ind2=" ">
      <subfield code="a">Hódmezővásárhely :</subfield>
      <subfield code="b">ADATREND - METRIPOND SE nyomda,</subfield>
      <subfield code="c">1988</subfield>
    </datafield>
    <datafield tag="300" ind1=" " ind2=" ">
      <subfield code="a">52 p. ;</subfield>
      <subfield code="c">20 cm</subfield>
    </datafield>
    <datafield tag="650" ind1=" " ind2="4">
      <subfield code="a">Atlétika</subfield>
      <subfield code="x">Hódmezővásárhely</subfield>
    </datafield>
    <datafield tag="650" ind1=" " ind2="4">
      <subfield code="a">HMSE</subfield>
    </datafield>
    <datafield tag="650" ind1=" " ind2="4">
      <subfield code="a">HMTE</subfield>
    </datafield>
    <datafield tag="650" ind1=" " ind2="4">
      <subfield code="a">Hódgép-Metripond SE</subfield>
      <subfield code="x">Hódmezővásárhely</subfield>
    </datafield>
    <datafield tag="650" ind1=" " ind2="4">
      <subfield code="a">Hódiköt SE</subfield>
      <subfield code="x">Hódmezővásárhely</subfield>
    </datafield>
    <datafield tag="650" ind1=" " ind2="4">
      <subfield code="a">Hódmezővásárhely</subfield>
      <subfield code="x">Nyomdák</subfield>
    </datafield>
    <datafield tag="650" ind1=" " ind2="4">
      <subfield code="a">Hódmezővásárhely</subfield>
      <subfield code="x">Sport</subfield>
    </datafield>
    <datafield tag="650" ind1=" " ind2="4">
      <subfield code="a">Hódmezővásárhelyi Munkás Testedző Egyesület</subfield>
    </datafield>
    <datafield tag="650" ind1=" " ind2="4">
      <subfield code="a">Hódmezővásárhelyi Sakk Kör</subfield>
    </datafield>
    <datafield tag="650" ind1=" " ind2="4">
      <subfield code="a">Hódmezővásárhelyi Testgyakorlók Köre</subfield>
    </datafield>
    <datafield tag="650" ind1=" " ind2="4">
      <subfield code="a">Hódmezővásárhelyi Torna- és Vívó Egylet</subfield>
    </datafield>
    <datafield tag="650" ind1=" " ind2="4">
      <subfield code="a">HTVE</subfield>
    </datafield>
    <datafield tag="650" ind1=" " ind2="4">
      <subfield code="a">Kézilabda</subfield>
      <subfield code="x">Hódmezővásárhely</subfield>
    </datafield>
    <datafield tag="650" ind1=" " ind2="4">
      <subfield code="a">Kosárlabda</subfield>
      <subfield code="x">Hódmezővásárhely</subfield>
    </datafield>
    <datafield tag="650" ind1=" " ind2="4">
      <subfield code="a">Labdarúgás</subfield>
      <subfield code="x">Hódmezővásárhely</subfield>
    </datafield>
    <datafield tag="650" ind1=" " ind2="4">
      <subfield code="a">Motocross</subfield>
    </datafield>
    <datafield tag="650" ind1=" " ind2="4">
      <subfield code="a">Nyomdák</subfield>
      <subfield code="x">Hódmezővásárhely</subfield>
    </datafield>
    <datafield tag="650" ind1=" " ind2="4">
      <subfield code="a">Sakk</subfield>
      <subfield code="x">Hódmezővásárhely</subfield>
    </datafield>
    <datafield tag="650" ind1=" " ind2="4">
      <subfield code="a">Sport</subfield>
      <subfield code="x">Hódmezővásárhely</subfield>
    </datafield>
    <datafield tag="650" ind1=" " ind2="4">
      <subfield code="a">Taekwon-do</subfield>
      <subfield code="x">Hódmezővásárhely</subfield>
    </datafield>
    <datafield tag="650" ind1=" " ind2="4">
      <subfield code="a">Tájfutás</subfield>
      <subfield code="x">Hódmezővásárhely</subfield>
    </datafield>
    <datafield tag="650" ind1=" " ind2="4">
      <subfield code="a">Vásárhelyi Atlétikai Club</subfield>
    </datafield>
    <datafield tag="650" ind1=" " ind2="4">
      <subfield code="a">Vívás</subfield>
      <subfield code="x">Hódmezővásárhely</subfield>
    </datafield>
    <datafield tag="650" ind1=" " ind2="4">
      <subfield code="a">Vízilabda</subfield>
      <subfield code="x">Hódmezővásárhely</subfield>
    </datafield>
    <datafield tag="700" ind1="1" ind2=" ">
      <subfield code="a">Ocsovszky László</subfield>
      <subfield code="d">(1943-)</subfield>
    </datafield>
    <datafield tag="852" ind1=" " ind2=" ">
      <subfield code="a">H1</subfield>
      <subfield code="b">H1</subfield>
      <subfield code="x">NLVK91760</subfield>
    </datafield>
  </record>