
  <record>
    <leader>00896nam  2200217 i 4500</leader>
    <controlfield tag="001">MOKKAS0003847147  </controlfield>
    <controlfield tag="005">20060616095559.0</controlfield>
    <controlfield tag="008">010724s2001    hu a     b    100 0 hun e</controlfield>
    <datafield tag="020" ind1=" " ind2=" ">
      <subfield code="a">963 8404 10 8</subfield>
      <subfield code="z">963 80404 10 8</subfield>
    </datafield>
    <datafield tag="035" ind1=" " ind2=" ">
      <subfield code="a">bibJPT00220071</subfield>
    </datafield>
    <datafield tag="040" ind1=" " ind2=" ">
      <subfield code="a">SZTE</subfield>
    </datafield>
    <datafield tag="100" ind1="1" ind2=" ">
      <subfield code="a">Horváth Tibor</subfield>
      <subfield code="d">(1928-)</subfield>
      <subfield code="c">(villamosmérnök)</subfield>
    </datafield>
    <datafield tag="245" ind1="1" ind2="0">
      <subfield code="a">100 éves villámjelzők :</subfield>
      <subfield code="b">magyar tudósok itthon és világszerte fellelhető készülékei : [kiállítás] /</subfield>
      <subfield code="c">Horváth Tibor</subfield>
    </datafield>
    <datafield tag="260" ind1=" " ind2=" ">
      <subfield code="a">Budapest :</subfield>
      <subfield code="b">Magyar Elektrotechnikai Múzeum,</subfield>
      <subfield code="c">2001</subfield>
      <subfield code="e">([Budapest] :</subfield>
      <subfield code="f">Haász Ny.)</subfield>
    </datafield>
    <datafield tag="300" ind1=" " ind2=" ">
      <subfield code="a">16 p. :</subfield>
      <subfield code="b">ill. ;</subfield>
      <subfield code="c">20 cm</subfield>
    </datafield>
    <datafield tag="504" ind1=" " ind2=" ">
      <subfield code="a">Bibliogr.: p. 16.</subfield>
    </datafield>
    <datafield tag="650" ind1=" " ind2="7">
      <subfield code="a">Múzeum</subfield>
      <subfield code="x">elektrotechnikai</subfield>
      <subfield code="x">magyar</subfield>
      <subfield code="x">kiállítási katalógus</subfield>
      <subfield code="2">szte</subfield>
    </datafield>
    <datafield tag="650" ind1=" " ind2="7">
      <subfield code="a">Villám jelzése</subfield>
      <subfield code="x">találmány</subfield>
      <subfield code="x">magyar</subfield>
      <subfield code="2">szte</subfield>
    </datafield>
    <datafield tag="710" ind1="2" ind2=" ">
      <subfield code="a">Magyar Elektrotechnikai Múzeum (Budapest)</subfield>
    </datafield>
    <datafield tag="852" ind1=" " ind2=" ">
      <subfield code="a">SZ1</subfield>
      <subfield code="b">SZ1</subfield>
      <subfield code="x">bibJPT00220071</subfield>
    </datafield>
    <datafield tag="852" ind1=" " ind2=" ">
      <subfield code="a">B11</subfield>
      <subfield code="b">B11</subfield>
      <subfield code="x">BMEOMIKK000445408</subfield>
    </datafield>
  </record>