
  <record>
    <leader>00653cam  22002051i 4500</leader>
    <controlfield tag="001">MOKKAS0001881302  </controlfield>
    <controlfield tag="005">20060530230834.0</controlfield>
    <controlfield tag="008">020912s1981    hu a   fr     01  0 hun d</controlfield>
    <datafield tag="035" ind1=" " ind2=" ">
      <subfield code="a">62460</subfield>
    </datafield>
    <datafield tag="040" ind1=" " ind2=" ">
      <subfield code="a">ELTE</subfield>
    </datafield>
    <datafield tag="041" ind1="0" ind2=" ">
      <subfield code="a">hun</subfield>
    </datafield>
    <datafield tag="245" ind1="0" ind2="0">
      <subfield code="a">100 éve született Kiss Lajos</subfield>
    </datafield>
    <datafield tag="260" ind1=" " ind2=" ">
      <subfield code="a">Nyíregyháza :</subfield>
      <subfield code="b">[Szabolcs Megyei Lapkiadó Váll.],</subfield>
      <subfield code="c">1981</subfield>
    </datafield>
    <datafield tag="300" ind1=" " ind2=" ">
      <subfield code="a">46 p. :</subfield>
      <subfield code="b">ill. ;</subfield>
      <subfield code="c">24 cm</subfield>
    </datafield>
    <datafield tag="490" ind1="1" ind2=" ">
      <subfield code="a">(Szabolcs-Szatmári Múzeumi füzetek ;</subfield>
      <subfield code="v">6.)</subfield>
    </datafield>
    <datafield tag="500" ind1=" " ind2=" ">
      <subfield code="a">Klny.: Szabolcs-Szatmári Szemle, XV. évf. 1. sz.</subfield>
    </datafield>
    <datafield tag="600" ind1="1" ind2="4">
      <subfield code="a">Kiss Lajos</subfield>
    </datafield>
    <datafield tag="650" ind1="0" ind2="4">
      <subfield code="a">muzeológia</subfield>
      <subfield code="y">20. sz.</subfield>
      <subfield code="z">Nyíregyháza</subfield>
    </datafield>
    <datafield tag="830" ind1=" " ind2="0">
      <subfield code="a">Szabolcs-Szatmári Múzeumi füzetek</subfield>
    </datafield>
    <datafield tag="852" ind1=" " ind2=" ">
      <subfield code="a">B2</subfield>
      <subfield code="b">B2</subfield>
      <subfield code="x">62460</subfield>
    </datafield>
  </record>