
  <record>
    <leader>00582nam  2200193 i 4500</leader>
    <controlfield tag="001">MOKKAZ0006433849  </controlfield>
    <controlfield tag="005">20040915202315.0</controlfield>
    <controlfield tag="008">000905m20009999sk c           00 0bhunod</controlfield>
    <datafield tag="035" ind1=" " ind2=" ">
      <subfield code="a">838107</subfield>
    </datafield>
    <datafield tag="040" ind1=" " ind2=" ">
      <subfield code="a">OSZK</subfield>
    </datafield>
    <datafield tag="041" ind1="0" ind2=" ">
      <subfield code="a">hunhun</subfield>
    </datafield>
    <datafield tag="072" ind1=" " ind2="1">
      <subfield code="a">1</subfield>
    </datafield>
    <datafield tag="245" ind1="0" ind2="0">
      <subfield code="a">100 éve született Márai Sándor /</subfield>
      <subfield code="c">[Fried István et al.]</subfield>
    </datafield>
    <datafield tag="260" ind1=" " ind2=" ">
      <subfield code="a">Bratislava :</subfield>
      <subfield code="b">Kalligram,</subfield>
      <subfield code="c">2000</subfield>
    </datafield>
    <datafield tag="300" ind1=" " ind2=" ">
      <subfield code="a">103 p. :</subfield>
      <subfield code="b">ill. ;</subfield>
      <subfield code="c">24 cm</subfield>
    </datafield>
    <datafield tag="500" ind1=" " ind2=" ">
      <subfield code="a">A "Kalligram", ISSN 1335-1826, 2000. évi 5. száma</subfield>
    </datafield>
    <datafield tag="600" ind1="1" ind2="4">
      <subfield code="a">Márai Sándor</subfield>
      <subfield code="d">(1900-1989)</subfield>
    </datafield>
    <datafield tag="700" ind1="1" ind2=" ">
      <subfield code="a">Fried István</subfield>
      <subfield code="d">(1934-)</subfield>
      <subfield code="4">(közrem.)</subfield>
    </datafield>
    <datafield tag="852" ind1=" " ind2=" ">
      <subfield code="a">B1</subfield>
      <subfield code="b">B1</subfield>
      <subfield code="x">838107</subfield>
    </datafield>
  </record>