
  <record>
    <leader>00832cjm  22001691  4500</leader>
    <controlfield tag="001">MOKKAZ0004593145  </controlfield>
    <controlfield tag="005">20040910083342.0</controlfield>
    <controlfield tag="008">      s1990                        und d</controlfield>
    <datafield tag="028" ind1="4" ind2="2">
      <subfield code="a">PZ 004</subfield>
    </datafield>
    <datafield tag="035" ind1=" " ind2=" ">
      <subfield code="a">bibFSZ00439450</subfield>
    </datafield>
    <datafield tag="040" ind1=" " ind2=" ">
      <subfield code="a">FSZEK</subfield>
    </datafield>
    <datafield tag="245" ind1="0" ind2="0">
      <subfield code="a">100 éve született B. Gigli (1890-1990)</subfield>
      <subfield code="h">[Hangfelvétel] : </subfield>
      <subfield code="b">Benjamino Gigli olasz és nápolzi dalokat énekel /</subfield>
      <subfield code="c">Benjamino Gigli</subfield>
    </datafield>
    <datafield tag="260" ind1=" " ind2=" ">
      <subfield code="a">[S.l.] :</subfield>
      <subfield code="b">POLIFON BT.,</subfield>
      <subfield code="c">1990</subfield>
    </datafield>
    <datafield tag="300" ind1=" " ind2=" ">
      <subfield code="a">1 hangk. :</subfield>
      <subfield code="b">sztereo</subfield>
      <subfield code="e">1 db borító</subfield>
    </datafield>
    <datafield tag="505" ind1="0" ind2=" ">
      <subfield code="g">1.,</subfield>
      <subfield code="t">Canta pe`me</subfield>
      <subfield code="g">2.,</subfield>
      <subfield code="t">Sentinella</subfield>
      <subfield code="g">3.,</subfield>
      <subfield code="t">Carmela</subfield>
      <subfield code="g">4.,</subfield>
      <subfield code="t">Occi di fata</subfield>
      <subfield code="g">5.,</subfield>
      <subfield code="t">A sanzone `e Napule</subfield>
      <subfield code="g">6.,</subfield>
      <subfield code="t">Rondine ale nido</subfield>
      <subfield code="g">7.,</subfield>
      <subfield code="t">Santa Lucia Luntana</subfield>
      <subfield code="g">8.,</subfield>
      <subfield code="t">O sole mio</subfield>
      <subfield code="g">9.,</subfield>
      <subfield code="t">Solo per te, Lucia</subfield>
      <subfield code="g">10.,</subfield>
      <subfield code="t">Blaue Augen</subfield>
      <subfield code="g">11.,</subfield>
      <subfield code="t">Marechiare</subfield>
      <subfield code="g">12.,</subfield>
      <subfield code="t">Core `ngato</subfield>
      <subfield code="g">13.,</subfield>
      <subfield code="t">Santa Lucia</subfield>
    </datafield>
    <datafield tag="700" ind1="1" ind2=" ">
      <subfield code="a">Gigli, Beniamino</subfield>
      <subfield code="d">(1890-1957)</subfield>
      <subfield code="4">előadó</subfield>
    </datafield>
    <datafield tag="852" ind1=" " ind2=" ">
      <subfield code="a">B10</subfield>
      <subfield code="b">2301</subfield>
      <subfield code="x">bibFSZ00439450</subfield>
    </datafield>
  </record>