
  <record>
    <leader>00950fam  2200253 ir4500</leader>
    <controlfield tag="001">MOKKAZ0006459077  </controlfield>
    <controlfield tag="005">20040915203635.0</controlfield>
    <controlfield tag="008">030512s2003    hu a     b    000 0 hun d</controlfield>
    <datafield tag="035" ind1=" " ind2=" ">
      <subfield code="a">974303</subfield>
    </datafield>
    <datafield tag="040" ind1=" " ind2=" ">
      <subfield code="a">OSZK</subfield>
    </datafield>
    <datafield tag="041" ind1="0" ind2=" ">
      <subfield code="a">hunhun</subfield>
    </datafield>
    <datafield tag="100" ind1="1" ind2=" ">
      <subfield code="a">Kovács Győző</subfield>
      <subfield code="d">(1933-)</subfield>
    </datafield>
    <datafield tag="245" ind1="1" ind2="0">
      <subfield code="a">100 éve született Neumann János : </subfield>
      <subfield code="b">mérfőldkövek a számítástechnika történetében /</subfield>
      <subfield code="c">írta és a képeket vál. Kovács Győző ; [... a bevezetőt írta Vámos Éva]</subfield>
    </datafield>
    <datafield tag="260" ind1=" " ind2=" ">
      <subfield code="a">Budapest :</subfield>
      <subfield code="b">OMM,</subfield>
      <subfield code="c">2003</subfield>
      <subfield code="e">([Budapest]</subfield>
      <subfield code="f">Grafit Pencil)</subfield>
    </datafield>
    <datafield tag="300" ind1=" " ind2=" ">
      <subfield code="a">95 p. :</subfield>
      <subfield code="b">ill. ;</subfield>
      <subfield code="c">24 cm</subfield>
    </datafield>
    <datafield tag="490" ind1="1" ind2=" ">
      <subfield code="a">Technikatörténeti monográfiák</subfield>
      <subfield code="x">1589-570X</subfield>
      <subfield code="v">1.</subfield>
    </datafield>
    <datafield tag="504" ind1=" " ind2=" ">
      <subfield code="a">Bibliogr.: p. 94-95.</subfield>
    </datafield>
    <datafield tag="650" ind1=" " ind2="4">
      <subfield code="a">Tudósok</subfield>
      <subfield code="z">Magyarország</subfield>
      <subfield code="x">életrajz</subfield>
    </datafield>
    <datafield tag="650" ind1=" " ind2="0">
      <subfield code="a">Scientists</subfield>
      <subfield code="z">Hungary</subfield>
      <subfield code="x">Biography.</subfield>
    </datafield>
    <datafield tag="700" ind1="1" ind2=" ">
      <subfield code="a">Neumann János</subfield>
      <subfield code="d">(1903-1957)</subfield>
    </datafield>
    <datafield tag="700" ind1="1" ind2=" ">
      <subfield code="a">Vámos Éva</subfield>
      <subfield code="d">(1950-)</subfield>
      <subfield code="4">(bev.)</subfield>
    </datafield>
    <datafield tag="830" ind1=" " ind2="0">
      <subfield code="a">Technikatörténeti monográfiák</subfield>
    </datafield>
    <datafield tag="852" ind1=" " ind2=" ">
      <subfield code="a">B1</subfield>
      <subfield code="b">B1</subfield>
      <subfield code="x">974303</subfield>
    </datafield>
    <datafield tag="852" ind1=" " ind2=" ">
      <subfield code="a">D1</subfield>
      <subfield code="b">D1</subfield>
      <subfield code="x">974303</subfield>
    </datafield>
  </record>