
  <record>
    <leader>01164nam  2200241 i 4500</leader>
    <controlfield tag="001">MOKKAS0001071661  </controlfield>
    <controlfield tag="005">20051215224547.0</controlfield>
    <controlfield tag="008">050903s1998    hu            00010 hun d</controlfield>
    <datafield tag="020" ind1=" " ind2=" ">
      <subfield code="a">963-48-2506-0</subfield>
    </datafield>
    <datafield tag="035" ind1=" " ind2=" ">
      <subfield code="a">bibBKO00248109</subfield>
    </datafield>
    <datafield tag="040" ind1=" " ind2=" ">
      <subfield code="a">BMK</subfield>
    </datafield>
    <datafield tag="245" ind1="0" ind2="0">
      <subfield code="a">100 éve született Bugyi István professzor, a magyar sebészek zseniális nagymestere /</subfield>
      <subfield code="c">[szerk. Tóth Csaba] ; [fotókat kész. Szélpál István] ; [kiad. Szegedi Tudományegyetem Általános Orvosi Kar, Gyógyszertudományi Kar, Egészségügyi Főiskola Öregdiák Szövetsége]</subfield>
    </datafield>
    <datafield tag="260" ind1=" " ind2=" ">
      <subfield code="a">[Szeged] :</subfield>
      <subfield code="b">Szegedi Tud.egyet. :</subfield>
      <subfield code="b">Egészségügyi Főisk. Öregdiák Szöv.,</subfield>
      <subfield code="c">[1998]</subfield>
    </datafield>
    <datafield tag="300" ind1=" " ind2=" ">
      <subfield code="a">143 p. :</subfield>
      <subfield code="b">ill. ;</subfield>
      <subfield code="c">24 cm</subfield>
    </datafield>
    <datafield tag="650" ind1=" " ind2="4">
      <subfield code="a">Bugyi István (1898-1981)</subfield>
    </datafield>
    <datafield tag="650" ind1=" " ind2="4">
      <subfield code="a">orvosok, magyar - Bugyi I.</subfield>
    </datafield>
    <datafield tag="650" ind1=" " ind2="4">
      <subfield code="a">sebészek ld. orvosok</subfield>
    </datafield>
    <datafield tag="700" ind1="1" ind2=" ">
      <subfield code="a">Tóth Csaba</subfield>
      <subfield code="4">szerk.</subfield>
    </datafield>
    <datafield tag="700" ind1="1" ind2=" ">
      <subfield code="a">Szélpál István</subfield>
      <subfield code="4">fotó</subfield>
    </datafield>
    <datafield tag="700" ind1="2" ind2=" ">
      <subfield code="a">Szegedi Tudományegyetem. Egészségügyi Főiskola Öregdiák Szövetsége</subfield>
      <subfield code="4">közread.</subfield>
    </datafield>
    <datafield tag="710" ind1="2" ind2=" ">
      <subfield code="a">Szegedi Tudományegyetem.</subfield>
      <subfield code="b">Általános Orvosi Kar</subfield>
      <subfield code="4">közread.</subfield>
    </datafield>
    <datafield tag="710" ind1="2" ind2=" ">
      <subfield code="a">Szegedi Tudományegyetem.</subfield>
      <subfield code="b">Gyógyszertudományi Kar</subfield>
      <subfield code="4">közread.</subfield>
    </datafield>
    <datafield tag="852" ind1=" " ind2=" ">
      <subfield code="a">BCS1</subfield>
      <subfield code="b">BCS1</subfield>
      <subfield code="x">bibBKO00248109</subfield>
    </datafield>
  </record>