
  <record>
    <leader>00741nam  2200217 i 4500</leader>
    <controlfield tag="001">MOKKAZ0003667786  </controlfield>
    <controlfield tag="005">20080410125604.0</controlfield>
    <controlfield tag="008">010615s19992000hu            00010 hun d</controlfield>
    <datafield tag="020" ind1=" " ind2=" ">
      <subfield code="a">963 48 2506 0</subfield>
    </datafield>
    <datafield tag="035" ind1=" " ind2=" ">
      <subfield code="a">bibKLT00291509</subfield>
    </datafield>
    <datafield tag="040" ind1=" " ind2=" ">
      <subfield code="a">DEENK</subfield>
    </datafield>
    <datafield tag="050" ind1=" " ind2=" ">
      <subfield code="a">RD27.3.H9</subfield>
    </datafield>
    <datafield tag="245" ind1="0" ind2="0">
      <subfield code="a">100 éve született Bugyi István professzor a magyar sebészek zseniális nagymestere /</subfield>
      <subfield code="c">szerk. Tóth Csaba</subfield>
    </datafield>
    <datafield tag="260" ind1=" " ind2=" ">
      <subfield code="a">Szeged :</subfield>
      <subfield code="b">Szegedi Tudományegyetem Altalános Orvosi Kar,</subfield>
      <subfield code="c">[2000]</subfield>
    </datafield>
    <datafield tag="300" ind1=" " ind2=" ">
      <subfield code="a">141 p. :</subfield>
      <subfield code="b">ill. ;</subfield>
      <subfield code="c">24 cm</subfield>
    </datafield>
    <datafield tag="650" ind1=" " ind2="4">
      <subfield code="a">Sebészek</subfield>
      <subfield code="z">Magyarország</subfield>
      <subfield code="x">életrajz</subfield>
    </datafield>
    <datafield tag="650" ind1=" " ind2="0">
      <subfield code="a">Surgeons</subfield>
      <subfield code="z">Hungary</subfield>
      <subfield code="x">Biography.</subfield>
    </datafield>
    <datafield tag="650" ind1=" " ind2="4">
      <subfield code="a">életrajzok</subfield>
      <subfield code="x">sebészek</subfield>
    </datafield>
    <datafield tag="700" ind1="1" ind2=" ">
      <subfield code="a">Tóth Csaba</subfield>
    </datafield>
    <datafield tag="852" ind1=" " ind2=" ">
      <subfield code="a">P1</subfield>
      <subfield code="b">P1</subfield>
      <subfield code="x">bibKLT00291509</subfield>
    </datafield>
    <datafield tag="852" ind1=" " ind2=" ">
      <subfield code="a">D1</subfield>
      <subfield code="b">D2/RO</subfield>
      <subfield code="x">bibKLT00291509</subfield>
    </datafield>
  </record>