
  <record>
    <leader>00956cam  2200229 a 4500</leader>
    <controlfield tag="001">MOKKAZ0005387177  </controlfield>
    <controlfield tag="005">20040910175243.0</controlfield>
    <controlfield tag="008">010704c        hu            00010 hun d</controlfield>
    <datafield tag="020" ind1=" " ind2=" ">
      <subfield code="a">963-48-2506-0</subfield>
    </datafield>
    <datafield tag="035" ind1=" " ind2=" ">
      <subfield code="a">36781</subfield>
    </datafield>
    <datafield tag="040" ind1=" " ind2=" ">
      <subfield code="a">SEKK</subfield>
    </datafield>
    <datafield tag="041" ind1="0" ind2=" ">
      <subfield code="a">hun</subfield>
    </datafield>
    <datafield tag="245" ind1="1" ind2="0">
      <subfield code="a">100 éve született Bugyi István professzor :</subfield>
      <subfield code="b">A magyar sebészek zseniális nagymestere /</subfield>
      <subfield code="c">szerk. Tóth Csaba ; [közread. a] Szegedi Tudományegyetem Általános Orvosi Kar, Gyógyszertudományi Kar, Egészségügyi Főiskola Öregdiák Szövetsége</subfield>
    </datafield>
    <datafield tag="260" ind1="0" ind2="0">
      <subfield code="a">Szeged :</subfield>
      <subfield code="b">(Békéscsaba Tevan Nyomda),</subfield>
      <subfield code="c">[2001].</subfield>
    </datafield>
    <datafield tag="300" ind1=" " ind2=" ">
      <subfield code="a">143 p. ;</subfield>
      <subfield code="c">23 cm.</subfield>
    </datafield>
    <datafield tag="650" ind1="1" ind2="4">
      <subfield code="a">History of medicine</subfield>
      <subfield code="x">Surgery</subfield>
    </datafield>
    <datafield tag="650" ind1="1" ind2="4">
      <subfield code="a">Orvostörténet</subfield>
      <subfield code="x">Sebészet</subfield>
    </datafield>
    <datafield tag="700" ind1="1" ind2="0">
      <subfield code="a">Tóth Csaba</subfield>
    </datafield>
    <datafield tag="710" ind1="2" ind2="0">
      <subfield code="a">Szegedi Tudományegyetem.</subfield>
      <subfield code="b">Általános Orvosi Kar</subfield>
    </datafield>
    <datafield tag="710" ind1="2" ind2="0">
      <subfield code="a">Szegedi Tudományegyetem.</subfield>
      <subfield code="b">Gyógyszertudományi Kar</subfield>
    </datafield>
    <datafield tag="710" ind1="2" ind2="0">
      <subfield code="a">Egészségügyi Főiskola [Szeged].</subfield>
      <subfield code="b">Öregdiák Szövetség</subfield>
    </datafield>
    <datafield tag="852" ind1=" " ind2=" ">
      <subfield code="a">B13</subfield>
      <subfield code="b">B13</subfield>
      <subfield code="x">36781</subfield>
    </datafield>
  </record>