
  <record>
    <leader>01464fam  2200325 i 4500</leader>
    <controlfield tag="001">MOKKAZ0006404862  </controlfield>
    <controlfield tag="005">20090505175004.0</controlfield>
    <controlfield tag="008">010426s2001    hu a     b    000 0dhun d</controlfield>
    <datafield tag="020" ind1=" " ind2=" ">
      <subfield code="a">963-482-506-0 (fűzött)</subfield>
    </datafield>
    <datafield tag="035" ind1=" " ind2=" ">
      <subfield code="a">803263</subfield>
    </datafield>
    <datafield tag="040" ind1=" " ind2=" ">
      <subfield code="a">OSZK</subfield>
    </datafield>
    <datafield tag="041" ind1="0" ind2=" ">
      <subfield code="a">hunhun</subfield>
    </datafield>
    <datafield tag="245" ind1="0" ind2="0">
      <subfield code="a">100 éve született Bugyi István professzor, a magyar sebészek zseniális nagymestere /</subfield>
      <subfield code="c">[szerk. Tóth Csaba] ; [kiad. Szegedi Tudományegyetem Általános Orvosi Kar, Gyógyszertudományi Kar, Egészségügyi Főiskola Öregdiák Szövetsége]</subfield>
    </datafield>
    <datafield tag="260" ind1=" " ind2=" ">
      <subfield code="a">[Szeged] :</subfield>
      <subfield code="b">SzTE ÁOK, GyTK, Eü. Főisk. Öregdiák Szövets.,</subfield>
      <subfield code="c">[2001]</subfield>
      <subfield code="e">(Békéscsaba</subfield>
      <subfield code="f">Tevan Gimn. és Nyip.  Szakközépisk.)</subfield>
    </datafield>
    <datafield tag="300" ind1=" " ind2=" ">
      <subfield code="a">143 p. :</subfield>
      <subfield code="b">ill. ;</subfield>
      <subfield code="c">24 cm</subfield>
    </datafield>
    <datafield tag="500" ind1=" " ind2=" ">
      <subfield code="a">Példányszám: 500</subfield>
    </datafield>
    <datafield tag="504" ind1=" " ind2=" ">
      <subfield code="a">Bibliogr.: p. 121-126. és a tanulmányok végén</subfield>
    </datafield>
    <datafield tag="600" ind1="1" ind2="4">
      <subfield code="a">Bugyi István</subfield>
      <subfield code="d">(1898-1981)</subfield>
    </datafield>
    <datafield tag="650" ind1="2" ind2="2">
      <subfield code="a">History of Medicine, 20th Cent</subfield>
    </datafield>
    <datafield tag="650" ind1="2" ind2="2">
      <subfield code="a">Surgery</subfield>
      <subfield code="x">History</subfield>
    </datafield>
    <datafield tag="650" ind1="2" ind2="2">
      <subfield code="a">Hungary</subfield>
    </datafield>
    <datafield tag="650" ind1=" " ind2="2">
      <subfield code="a">History of Medicine, 20th Cent</subfield>
    </datafield>
    <datafield tag="650" ind1=" " ind2="2">
      <subfield code="a">Surgery</subfield>
      <subfield code="x">history</subfield>
      <subfield code="z">Hungary</subfield>
    </datafield>
    <datafield tag="650" ind1=" " ind2="2">
      <subfield code="a">Physicians</subfield>
      <subfield code="x">history</subfield>
      <subfield code="z">Hungary</subfield>
    </datafield>
    <datafield tag="650" ind1=" " ind2="4">
      <subfield code="a">Sebészek</subfield>
      <subfield code="z">Magyarország</subfield>
      <subfield code="x">életrajz</subfield>
    </datafield>
    <datafield tag="650" ind1=" " ind2="0">
      <subfield code="a">Surgeons</subfield>
      <subfield code="z">Hungary</subfield>
      <subfield code="x">Biography.</subfield>
    </datafield>
    <datafield tag="700" ind1="1" ind2=" ">
      <subfield code="a">Tóth Csaba</subfield>
      <subfield code="d">(1940-)</subfield>
      <subfield code="4">(szerk.)</subfield>
    </datafield>
    <datafield tag="710" ind1="2" ind2=" ">
      <subfield code="a">Szegedi Tudományegyetem Általános Orvostudományi Kar, Gyógyszerésztudományi Kar, Egészségügyi Főiskolai Kar Öregdiák Szövetsége</subfield>
      <subfield code="4">közread.</subfield>
    </datafield>
    <datafield tag="852" ind1=" " ind2=" ">
      <subfield code="a">B1</subfield>
      <subfield code="b">B1</subfield>
      <subfield code="x">803263</subfield>
    </datafield>
    <datafield tag="852" ind1=" " ind2=" ">
      <subfield code="a">D1</subfield>
      <subfield code="b">D2/48</subfield>
      <subfield code="b">D2/PO</subfield>
      <subfield code="x">803263</subfield>
    </datafield>
  </record>