
  <record>
    <leader>01202fam  2200277 i 4500</leader>
    <controlfield tag="001">MOKKAZ0006397493  </controlfield>
    <controlfield tag="005">20040915200450.0</controlfield>
    <controlfield tag="008">001113t19991999hu a     b    000 0dhun d</controlfield>
    <datafield tag="020" ind1=" " ind2=" ">
      <subfield code="a">963-7164-11-1 (kötött)</subfield>
    </datafield>
    <datafield tag="035" ind1=" " ind2=" ">
      <subfield code="a">455873</subfield>
    </datafield>
    <datafield tag="040" ind1=" " ind2=" ">
      <subfield code="a">OSZK</subfield>
    </datafield>
    <datafield tag="041" ind1="1" ind2=" ">
      <subfield code="a">hunenghuneng</subfield>
      <subfield code="h">hun</subfield>
    </datafield>
    <datafield tag="245" ind1="0" ind2="0">
      <subfield code="a">100 év formatan : </subfield>
      <subfield code="b">forma a természetben, a tervezésben és a művészetben : a formatan oktatásának története a Magyar Iparművészeti Főiskolán /</subfield>
      <subfield code="c">koncepció Scherer József ; szerzők Ernyey Gyula [et al.] ; [kiad. Magyar Iparművészeti Főiskola].</subfield>
    </datafield>
    <datafield tag="246" ind1="1" ind2="1">
      <subfield code="a">100 years of formstudies</subfield>
    </datafield>
    <datafield tag="260" ind1=" " ind2=" ">
      <subfield code="a">Budapest :</subfield>
      <subfield code="b">M. Iparműv. Főisk.,</subfield>
      <subfield code="c">cop. 1999</subfield>
      <subfield code="e">([Budapest]</subfield>
      <subfield code="f">Kossuth)</subfield>
    </datafield>
    <datafield tag="300" ind1=" " ind2=" ">
      <subfield code="a">108 p. :</subfield>
      <subfield code="b">ill. ;</subfield>
      <subfield code="c">23x25 cm</subfield>
    </datafield>
    <datafield tag="500" ind1=" " ind2=" ">
      <subfield code="a">Ford. Kiss István</subfield>
    </datafield>
    <datafield tag="504" ind1=" " ind2=" ">
      <subfield code="a">Bibliogr.: p. 107.</subfield>
    </datafield>
    <datafield tag="650" ind1="0" ind2="4">
      <subfield code="a">iparművészet</subfield>
      <subfield code="x">felsőoktatás</subfield>
      <subfield code="x">művészettörténet</subfield>
      <subfield code="x">motívumtörténet</subfield>
      <subfield code="z">Magyarország</subfield>
      <subfield code="y">20. század</subfield>
    </datafield>
    <datafield tag="650" ind1="0" ind2="4">
      <subfield code="a">életrajz</subfield>
    </datafield>
    <datafield tag="700" ind1="1" ind2=" ">
      <subfield code="a">Kiss István</subfield>
      <subfield code="4">(ford.)</subfield>
    </datafield>
    <datafield tag="700" ind1="1" ind2=" ">
      <subfield code="a">Scherer József</subfield>
      <subfield code="d">(1947-)</subfield>
      <subfield code="4">(szerk.)</subfield>
    </datafield>
    <datafield tag="700" ind1="1" ind2=" ">
      <subfield code="a">Ernyey Gyula</subfield>
      <subfield code="d">(1941-)</subfield>
      <subfield code="4">(közrem.)</subfield>
    </datafield>
    <datafield tag="710" ind1="2" ind2=" ">
      <subfield code="a">Magyar Iparművészeti Főiskola (Budapest)</subfield>
      <subfield code="4">közread.</subfield>
    </datafield>
    <datafield tag="852" ind1=" " ind2=" ">
      <subfield code="a">B1</subfield>
      <subfield code="b">B1</subfield>
      <subfield code="x">455873</subfield>
    </datafield>
    <datafield tag="852" ind1=" " ind2=" ">
      <subfield code="a">B11</subfield>
      <subfield code="b">B11</subfield>
      <subfield code="x">BMEOMIKK000438150</subfield>
    </datafield>
  </record>