
  <record>
    <leader>01258nam  2200277   4500</leader>
    <controlfield tag="001">MOKKAZ0004682003  </controlfield>
    <controlfield tag="005">20040910092318.0</controlfield>
    <controlfield tag="008">991027s1999                        hun d</controlfield>
    <datafield tag="020" ind1=" " ind2=" ">
      <subfield code="a">963-7164-11-1 (kötött)</subfield>
    </datafield>
    <datafield tag="035" ind1=" " ind2=" ">
      <subfield code="a">bibFSZ679546</subfield>
    </datafield>
    <datafield tag="040" ind1=" " ind2=" ">
      <subfield code="a">FSZEK</subfield>
    </datafield>
    <datafield tag="041" ind1=" " ind2=" ">
      <subfield code="a">hun</subfield>
      <subfield code="b">eng</subfield>
    </datafield>
    <datafield tag="245" ind1="0" ind2="0">
      <subfield code="a">100 év formatan :</subfield>
      <subfield code="b">forma a természetben, a tervezésben és a művészetben : a formatan oktatásának története a Magyar Iparművészeti Főiskolán = 100 years of formstudies /</subfield>
      <subfield code="c">szerzők: Ernyei Gyula [et al.] ; koncepció: Scherer József ; ford. Kiss István] ; [kiad.: Magyar Iparművészeti Főiskola]</subfield>
    </datafield>
    <datafield tag="246" ind1=" " ind2="1">
      <subfield code="a">100 years of formstudies</subfield>
    </datafield>
    <datafield tag="260" ind1=" " ind2=" ">
      <subfield code="a">Budapest :</subfield>
      <subfield code="b">M. Iparművészeti Főiskola,</subfield>
      <subfield code="c">cop. 1999</subfield>
    </datafield>
    <datafield tag="300" ind1=" " ind2=" ">
      <subfield code="a">108 p. :</subfield>
      <subfield code="b">ill. ;</subfield>
      <subfield code="c">23x24 cm</subfield>
    </datafield>
    <datafield tag="504" ind1=" " ind2=" ">
      <subfield code="a">Bibliogr.: p. 107.</subfield>
    </datafield>
    <datafield tag="546" ind1=" " ind2=" ">
      <subfield code="a">Angol kiv.</subfield>
    </datafield>
    <datafield tag="546" ind1=" " ind2=" ">
      <subfield code="a">Csak magyar nyelven</subfield>
    </datafield>
    <datafield tag="680" ind1=" " ind2="0">
      <subfield code="a">történeti tárgyalásmód</subfield>
      <subfield code="a">harmónia, arány, forma / művészetelmélet</subfield>
    </datafield>
    <datafield tag="680" ind1=" " ind2="0">
      <subfield code="a">gyártmánytervezés, formatervezés</subfield>
      <subfield code="a">formatervezés, gyártmánytervezés</subfield>
    </datafield>
    <datafield tag="700" ind1="1" ind2=" ">
      <subfield code="a">Scherer József</subfield>
      <subfield code="4">szerk.</subfield>
    </datafield>
    <datafield tag="700" ind1="1" ind2=" ">
      <subfield code="a">Ernyey Gyula</subfield>
      <subfield code="d">(1941-)</subfield>
      <subfield code="4">közrem.</subfield>
    </datafield>
    <datafield tag="710" ind1="2" ind2=" ">
      <subfield code="a">Magyar Iparművészeti Egyetem (Budapest)</subfield>
      <subfield code="4">közread.</subfield>
    </datafield>
    <datafield tag="852" ind1=" " ind2=" ">
      <subfield code="a">B10</subfield>
      <subfield code="b">0801</subfield>
      <subfield code="x">bibFSZ679546</subfield>
    </datafield>
    <datafield tag="852" ind1=" " ind2=" ">
      <subfield code="a">B11</subfield>
      <subfield code="b">B11</subfield>
      <subfield code="x">BMEOMIKK000438150</subfield>
    </datafield>
  </record>