
  <record>
    <leader>00585nama 22001691i 4500</leader>
    <controlfield tag="001">MOKKAS0000714581  </controlfield>
    <controlfield tag="005">20060616214849.0</controlfield>
    <controlfield tag="008">041105s1983    us            000 0 hunod</controlfield>
    <datafield tag="035" ind1=" " ind2=" ">
      <subfield code="a">1473593</subfield>
    </datafield>
    <datafield tag="040" ind1=" " ind2=" ">
      <subfield code="a">OSZK</subfield>
    </datafield>
    <datafield tag="041" ind1="0" ind2=" ">
      <subfield code="a">hunhun</subfield>
    </datafield>
    <datafield tag="100" ind1="2" ind2=" ">
      <subfield code="a">Gyimesi Kásás Ernő</subfield>
    </datafield>
    <datafield tag="245" ind1="1" ind2="0">
      <subfield code="a">100 év magyar művészei egy festő életrajzában 1880-1980 /</subfield>
      <subfield code="c">Ernő Gyimesy Kásás ; [bev. Szathmáry Lajos]</subfield>
    </datafield>
    <datafield tag="260" ind1=" " ind2=" ">
      <subfield code="a">New York :</subfield>
      <subfield code="b">Külföldi Magyar Képzőművészek Világszövetsége,</subfield>
      <subfield code="c">1983</subfield>
    </datafield>
    <datafield tag="300" ind1=" " ind2=" ">
      <subfield code="a">111 p., 38 t., [11] p. ;</subfield>
      <subfield code="c">28 cm</subfield>
    </datafield>
    <datafield tag="700" ind1="1" ind2=" ">
      <subfield code="a">Szathmáry Lajos</subfield>
      <subfield code="4">(bev.)</subfield>
    </datafield>
    <datafield tag="852" ind1=" " ind2=" ">
      <subfield code="a">B1</subfield>
      <subfield code="b">B1</subfield>
      <subfield code="x">1473593</subfield>
    </datafield>
  </record>