
  <record>
    <leader>00606nam  2200193 i 4500</leader>
    <controlfield tag="001">MOKKAZ0006335719  </controlfield>
    <controlfield tag="005">20040915193101.0</controlfield>
    <controlfield tag="008">960216s1995    hu ro         000 0 hun d</controlfield>
    <datafield tag="020" ind1=" " ind2=" ">
      <subfield code="a">963-7778-08-X (fűzött)</subfield>
    </datafield>
    <datafield tag="035" ind1=" " ind2=" ">
      <subfield code="a">170407</subfield>
    </datafield>
    <datafield tag="040" ind1=" " ind2=" ">
      <subfield code="a">OSZK</subfield>
    </datafield>
    <datafield tag="041" ind1="0" ind2=" ">
      <subfield code="a">hunhun</subfield>
    </datafield>
    <datafield tag="072" ind1=" " ind2="1">
      <subfield code="a">Z</subfield>
    </datafield>
    <datafield tag="245" ind1="0" ind2="0">
      <subfield code="a">100 év : </subfield>
      <subfield code="b">Magyar Olimpiai Bizottság</subfield>
    </datafield>
    <datafield tag="260" ind1=" " ind2=" ">
      <subfield code="a">[Budapest] :</subfield>
      <subfield code="b">MOB,</subfield>
      <subfield code="c">[1995]</subfield>
      <subfield code="e">([Kecskemét]</subfield>
      <subfield code="f">Petőfi Ny.- és Csomagolóanyag-ip. Rt.)</subfield>
    </datafield>
    <datafield tag="300" ind1=" " ind2=" ">
      <subfield code="a">24 p. :</subfield>
      <subfield code="b">ill., főként színes ;</subfield>
      <subfield code="c">35 cm</subfield>
    </datafield>
    <datafield tag="610" ind1="2" ind2="4">
      <subfield code="a">Magyar Olimpiai Bizottság</subfield>
    </datafield>
    <datafield tag="710" ind1="2" ind2=" ">
      <subfield code="a">Magyar Olimpiai Bizottság</subfield>
      <subfield code="4">közread.</subfield>
    </datafield>
    <datafield tag="852" ind1=" " ind2=" ">
      <subfield code="a">B1</subfield>
      <subfield code="b">B1</subfield>
      <subfield code="x">170407</subfield>
    </datafield>
  </record>