
  <record>
    <leader>00766cam  2200217   4500</leader>
    <controlfield tag="001">MOKKAZ0004640867  </controlfield>
    <controlfield tag="005">20100112102324.0</controlfield>
    <controlfield tag="008">      s1986    hu     f            hun d</controlfield>
    <datafield tag="020" ind1=" " ind2=" ">
      <subfield code="a">963-340-618-8* (fűzött)</subfield>
      <subfield code="z">963-02-4548-5 :</subfield>
    </datafield>
    <datafield tag="035" ind1=" " ind2=" ">
      <subfield code="a">bibFSZ158871</subfield>
    </datafield>
    <datafield tag="040" ind1=" " ind2=" ">
      <subfield code="a">FSZEK</subfield>
    </datafield>
    <datafield tag="041" ind1=" " ind2=" ">
      <subfield code="a">hun</subfield>
    </datafield>
    <datafield tag="080" ind1=" " ind2="0">
      <subfield code="a">796.062:061.237(439-2Bp.)TTVE(091)</subfield>
    </datafield>
    <datafield tag="100" ind1="1" ind2=" ">
      <subfield code="a">Peterdi Pál</subfield>
      <subfield code="d">(1925-2000)</subfield>
    </datafield>
    <datafield tag="245" ind1="1" ind2="0">
      <subfield code="a">100 évnek is egy a vége :</subfield>
      <subfield code="b">a III. kerületi TTVE története, 1887-1987 /</subfield>
      <subfield code="c">Peterdi Pál, Garasi Lajos</subfield>
    </datafield>
    <datafield tag="260" ind1=" " ind2=" ">
      <subfield code="a">[Budapest] :</subfield>
      <subfield code="b">SKV,</subfield>
      <subfield code="c">1986</subfield>
    </datafield>
    <datafield tag="300" ind1=" " ind2=" ">
      <subfield code="a">175 p., [16] t. :</subfield>
      <subfield code="b">ill. ;</subfield>
      <subfield code="c">20 cm</subfield>
    </datafield>
    <datafield tag="610" ind1="2" ind2="4">
      <subfield code="a">III. Kerületi Textilfestő Torna és Vívó Egylet</subfield>
    </datafield>
    <datafield tag="610" ind1="2" ind2="4">
      <subfield code="a">III. ker. Torna és Vívó Egylet</subfield>
    </datafield>
    <datafield tag="700" ind1="1" ind2=" ">
      <subfield code="a">Garasi Lajos</subfield>
    </datafield>
    <datafield tag="852" ind1=" " ind2=" ">
      <subfield code="a">B10</subfield>
      <subfield code="b">0307</subfield>
      <subfield code="b">0801B</subfield>
      <subfield code="x">bibFSZ158871</subfield>
    </datafield>
  </record>