
  <record>
    <leader>00649fam  2200205 i 4500</leader>
    <controlfield tag="001">MOKKAZ0006277876  </controlfield>
    <controlfield tag="005">20040915184639.0</controlfield>
    <controlfield tag="008">940510t19861986hu a          000 0 hun d</controlfield>
    <datafield tag="020" ind1=" " ind2=" ">
      <subfield code="a">963-340-618-8 (fűzött)</subfield>
    </datafield>
    <datafield tag="020" ind1=" " ind2=" ">
      <subfield code="z">963 02 4548 5</subfield>
    </datafield>
    <datafield tag="035" ind1=" " ind2=" ">
      <subfield code="a">672290</subfield>
    </datafield>
    <datafield tag="040" ind1=" " ind2=" ">
      <subfield code="a">OSZK</subfield>
    </datafield>
    <datafield tag="041" ind1="0" ind2=" ">
      <subfield code="a">hunhun</subfield>
    </datafield>
    <datafield tag="100" ind1="1" ind2=" ">
      <subfield code="a">Peterdi Pál</subfield>
      <subfield code="d">(1925-2000)</subfield>
    </datafield>
    <datafield tag="245" ind1="1" ind2="0">
      <subfield code="a">100 évnek is egy a vége : </subfield>
      <subfield code="b">A III. kerületi TTVE története, 1887-1987 /</subfield>
      <subfield code="c">Peterdi Pál, Garasi Lajos</subfield>
    </datafield>
    <datafield tag="260" ind1=" " ind2=" ">
      <subfield code="a">[Budapest] :</subfield>
      <subfield code="b">SKV,</subfield>
      <subfield code="c">1986</subfield>
      <subfield code="e">([Budapest]</subfield>
      <subfield code="f">[SKV])</subfield>
    </datafield>
    <datafield tag="300" ind1=" " ind2=" ">
      <subfield code="a">175 p., [16] t. :</subfield>
      <subfield code="b">ill. ;</subfield>
      <subfield code="c">20 cm</subfield>
    </datafield>
    <datafield tag="700" ind1="1" ind2="0">
      <subfield code="a">Garasi Lajos</subfield>
    </datafield>
    <datafield tag="852" ind1=" " ind2=" ">
      <subfield code="a">B1</subfield>
      <subfield code="b">B1</subfield>
      <subfield code="x">672290</subfield>
    </datafield>
    <datafield tag="852" ind1=" " ind2=" ">
      <subfield code="a">D1</subfield>
      <subfield code="b">D1</subfield>
      <subfield code="x">963 340 618 8</subfield>
    </datafield>
  </record>