
  <record>
    <leader>00527nam  2200181 i 4500</leader>
    <controlfield tag="001">MOKKAZ0006408175  </controlfield>
    <controlfield tag="005">20040915201015.0</controlfield>
    <controlfield tag="008">010719s1998    hu ar         000 0 hun d</controlfield>
    <datafield tag="035" ind1=" " ind2=" ">
      <subfield code="a">807654</subfield>
    </datafield>
    <datafield tag="040" ind1=" " ind2=" ">
      <subfield code="a">OSZK</subfield>
    </datafield>
    <datafield tag="041" ind1="0" ind2=" ">
      <subfield code="a">hunhun</subfield>
    </datafield>
    <datafield tag="072" ind1=" " ind2="1">
      <subfield code="a">U</subfield>
    </datafield>
    <datafield tag="245" ind1="0" ind2="0">
      <subfield code="a">100 év nyomai : </subfield>
      <subfield code="b">1898-1998 Bibendum</subfield>
    </datafield>
    <datafield tag="260" ind1=" " ind2=" ">
      <subfield code="a">Budapest :</subfield>
      <subfield code="b">Innovapress,</subfield>
      <subfield code="c">1998</subfield>
      <subfield code="e">([Budapest]</subfield>
      <subfield code="f">[Stádium])</subfield>
    </datafield>
    <datafield tag="300" ind1=" " ind2=" ">
      <subfield code="a">48 p. :</subfield>
      <subfield code="b">ill., főként színes ;</subfield>
      <subfield code="c">21 cm</subfield>
    </datafield>
    <datafield tag="500" ind1=" " ind2=" ">
      <subfield code="a">Példányszám: 2000</subfield>
    </datafield>
    <datafield tag="610" ind1="2" ind2="4">
      <subfield code="a">Michelin Hungária Kft. (Budapest)</subfield>
    </datafield>
    <datafield tag="852" ind1=" " ind2=" ">
      <subfield code="a">B1</subfield>
      <subfield code="b">B1</subfield>
      <subfield code="x">807654</subfield>
    </datafield>
  </record>