
  <record>
    <leader>01867fam  2200577 i 4500</leader>
    <controlfield tag="001">MOKKAZ0006440865  </controlfield>
    <controlfield tag="005">20090618082139.0</controlfield>
    <controlfield tag="008">020311s2001    hu a          000 0dhun d</controlfield>
    <datafield tag="020" ind1=" " ind2=" ">
      <subfield code="a">963-242-754-8 (kötött)</subfield>
    </datafield>
    <datafield tag="035" ind1=" " ind2=" ">
      <subfield code="a">915367</subfield>
    </datafield>
    <datafield tag="040" ind1=" " ind2=" ">
      <subfield code="a">OSZK</subfield>
    </datafield>
    <datafield tag="041" ind1="0" ind2=" ">
      <subfield code="a">hunhun</subfield>
    </datafield>
    <datafield tag="100" ind1="1" ind2=" ">
      <subfield code="a">Dézsi Csaba András</subfield>
      <subfield code="d">(1962-)</subfield>
    </datafield>
    <datafield tag="245" ind1="1" ind2="0">
      <subfield code="a">100 év orvosi-élettani Nobel-díjasai /</subfield>
      <subfield code="c">Dézsi Csaba András, Szeness Ágnes</subfield>
    </datafield>
    <datafield tag="250" ind1=" " ind2=" ">
      <subfield code="a">Millenniumi kiad.</subfield>
    </datafield>
    <datafield tag="260" ind1=" " ind2=" ">
      <subfield code="a">Budapest :</subfield>
      <subfield code="b">Medicina,</subfield>
      <subfield code="c">2001</subfield>
      <subfield code="e">([Budapest]</subfield>
      <subfield code="f">PrinterArt)</subfield>
    </datafield>
    <datafield tag="300" ind1=" " ind2=" ">
      <subfield code="a">230 p. :</subfield>
      <subfield code="b">ill. ;</subfield>
      <subfield code="c">24 cm</subfield>
    </datafield>
    <datafield tag="650" ind1=" " ind2="7">
      <subfield code="a">Nobel-díj</subfield>
      <subfield code="x">orvosi</subfield>
      <subfield code="2">szte</subfield>
    </datafield>
    <datafield tag="650" ind1=" " ind2="7">
      <subfield code="a">Orvostudomány</subfield>
      <subfield code="x">Nobel-díjasok</subfield>
      <subfield code="2">szte</subfield>
    </datafield>
    <datafield tag="650" ind1=" " ind2="7">
      <subfield code="a">Élettan</subfield>
      <subfield code="x">Nobel-díjasok</subfield>
      <subfield code="2">szte</subfield>
    </datafield>
    <datafield tag="650" ind1="0" ind2="7">
      <subfield code="2">ar</subfield>
      <subfield code="a">Nobel-díjasok</subfield>
      <subfield code="x">orvosi élettan</subfield>
      <subfield code="y">1901-2000</subfield>
      <subfield code="x">életrajzok</subfield>
    </datafield>
    <datafield tag="650" ind1=" " ind2="4">
      <subfield code="a">Nobel-díjasok</subfield>
      <subfield code="x">orvostudomány</subfield>
      <subfield code="y">1901-2001</subfield>
    </datafield>
    <datafield tag="650" ind1=" " ind2="4">
      <subfield code="a">Nobel-díjasok</subfield>
      <subfield code="x">élettan</subfield>
      <subfield code="y">1901-2001</subfield>
    </datafield>
    <datafield tag="650" ind1="1" ind2="4">
      <subfield code="a">Medicine</subfield>
      <subfield code="x">History</subfield>
      <subfield code="x">History of medicine</subfield>
    </datafield>
    <datafield tag="650" ind1="1" ind2="4">
      <subfield code="a">Általános orvostan</subfield>
      <subfield code="x">Történet</subfield>
      <subfield code="x">Orvostörténet</subfield>
    </datafield>
    <datafield tag="650" ind1=" " ind2="4">
      <subfield code="a">helyi szakíró</subfield>
    </datafield>
    <datafield tag="650" ind1=" " ind2="4">
      <subfield code="a">orvos</subfield>
    </datafield>
    <datafield tag="650" ind1=" " ind2="4">
      <subfield code="a">Nobel-díj</subfield>
    </datafield>
    <datafield tag="650" ind1=" " ind2="4">
      <subfield code="a">orvostudomány</subfield>
    </datafield>
    <datafield tag="650" ind1=" " ind2="4">
      <subfield code="a">tudománytörténet</subfield>
    </datafield>
    <datafield tag="650" ind1=" " ind2="4">
      <subfield code="a">Nobel-díjak</subfield>
    </datafield>
    <datafield tag="650" ind1=" " ind2="4">
      <subfield code="a">Élettan</subfield>
    </datafield>
    <datafield tag="650" ind1=" " ind2="0">
      <subfield code="a">Nobel Prizes.</subfield>
    </datafield>
    <datafield tag="650" ind1=" " ind2="0">
      <subfield code="a">Medicine.</subfield>
    </datafield>
    <datafield tag="650" ind1=" " ind2="0">
      <subfield code="a">Physiology.</subfield>
    </datafield>
    <datafield tag="650" ind1=" " ind2="2">
      <subfield code="a">Nobel Prize</subfield>
    </datafield>
    <datafield tag="650" ind1=" " ind2="2">
      <subfield code="a">Medicine</subfield>
    </datafield>
    <datafield tag="650" ind1=" " ind2="2">
      <subfield code="a">Physiology</subfield>
    </datafield>
    <datafield tag="650" ind1=" " ind2="4">
      <subfield code="a">Nobel-díjasok</subfield>
    </datafield>
    <datafield tag="650" ind1=" " ind2="4">
      <subfield code="a">életrajzok</subfield>
    </datafield>
    <datafield tag="695" ind1=" " ind2=" ">
      <subfield code="a">Orvostudomány történet</subfield>
      <subfield code="x">Nobel-díjasok</subfield>
    </datafield>
    <datafield tag="700" ind1="1" ind2="0">
      <subfield code="a">Szeness Ágnes</subfield>
    </datafield>
    <datafield tag="852" ind1=" " ind2=" ">
      <subfield code="a">B1</subfield>
      <subfield code="b">B1</subfield>
      <subfield code="x">915367</subfield>
    </datafield>
    <datafield tag="852" ind1=" " ind2=" ">
      <subfield code="a">SZ1</subfield>
      <subfield code="b">SZ1</subfield>
      <subfield code="b">SZ1/L4</subfield>
      <subfield code="b">SZ1/131</subfield>
      <subfield code="x">bibDOT00010988</subfield>
    </datafield>
    <datafield tag="852" ind1=" " ind2=" ">
      <subfield code="a">B2</subfield>
      <subfield code="b">B2</subfield>
      <subfield code="b">B2/200</subfield>
      <subfield code="x">179653</subfield>
    </datafield>
    <datafield tag="852" ind1=" " ind2=" ">
      <subfield code="a">P1</subfield>
      <subfield code="b">P1</subfield>
      <subfield code="x">bibPOT82228</subfield>
    </datafield>
    <datafield tag="852" ind1=" " ind2=" ">
      <subfield code="a">B13</subfield>
      <subfield code="b">B13</subfield>
      <subfield code="x">41877</subfield>
    </datafield>
    <datafield tag="852" ind1=" " ind2=" ">
      <subfield code="a">GY1</subfield>
      <subfield code="b">GY1</subfield>
      <subfield code="x">550169</subfield>
    </datafield>
    <datafield tag="852" ind1=" " ind2=" ">
      <subfield code="a">P1</subfield>
      <subfield code="b">P1/O</subfield>
      <subfield code="x">bibJPT00194134</subfield>
    </datafield>
    <datafield tag="852" ind1=" " ind2=" ">
      <subfield code="a">D1</subfield>
      <subfield code="b">D2/36</subfield>
      <subfield code="b">D2/RO</subfield>
      <subfield code="b">D2/DSZ</subfield>
      <subfield code="b">D2/PO</subfield>
      <subfield code="x">bibDOT00010988</subfield>
    </datafield>
    <datafield tag="852" ind1=" " ind2=" ">
      <subfield code="a">B8</subfield>
      <subfield code="b">B8</subfield>
      <subfield code="x">OGYK000061787</subfield>
    </datafield>
  </record>