
  <record>
    <leader>00565cam  2200193 i 4500</leader>
    <controlfield tag="001">MOKKAN0004155396  </controlfield>
    <controlfield tag="005">20070314062302.0</controlfield>
    <controlfield tag="008">031121c20002000fi a          00010 eng d</controlfield>
    <datafield tag="035" ind1=" " ind2=" ">
      <subfield code="a">185692</subfield>
    </datafield>
    <datafield tag="040" ind1=" " ind2=" ">
      <subfield code="a">MEKLM</subfield>
    </datafield>
    <datafield tag="041" ind1="0" ind2=" ">
      <subfield code="a">eng</subfield>
    </datafield>
    <datafield tag="245" ind1="0" ind2="0">
      <subfield code="a">100 faces from Finland :</subfield>
      <subfield code="b">A biographical kaleidoscope /</subfield>
      <subfield code="c">ed. by Ulpu Marjomaa</subfield>
    </datafield>
    <datafield tag="260" ind1=" " ind2=" ">
      <subfield code="a">Helsinki :</subfield>
      <subfield code="b">FLS,</subfield>
      <subfield code="c">2000</subfield>
    </datafield>
    <datafield tag="300" ind1=" " ind2=" ">
      <subfield code="a">625 p. :</subfield>
      <subfield code="b">ill. ;</subfield>
      <subfield code="c">26 cm</subfield>
    </datafield>
    <datafield tag="490" ind1="1" ind2=" ">
      <subfield code="a">(Studia biographica,</subfield>
      <subfield code="x">1456-2138 ;</subfield>
      <subfield code="v">2.)</subfield>
    </datafield>
    <datafield tag="650" ind1="0" ind2="4">
      <subfield code="a">életrajzok</subfield>
      <subfield code="z">finnek</subfield>
    </datafield>
    <datafield tag="700" ind1="1" ind2=" ">
      <subfield code="a">Marjomaa, Ulpu</subfield>
    </datafield>
    <datafield tag="830" ind1=" " ind2="0">
      <subfield code="a">Studia biographica</subfield>
    </datafield>
    <datafield tag="852" ind1=" " ind2=" ">
      <subfield code="a">M1</subfield>
      <subfield code="b">M1</subfield>
      <subfield code="x">185692</subfield>
    </datafield>
  </record>