
  <record>
    <leader>00945njm  2200193   4500</leader>
    <controlfield tag="001">MOKKAZ0004641005  </controlfield>
    <controlfield tag="005">20040910085843.0</controlfield>
    <controlfield tag="008">000211s2001                        por d</controlfield>
    <datafield tag="028" ind1=" " ind2=" ">
      <subfield code="a">TCD 2879</subfield>
    </datafield>
    <datafield tag="035" ind1=" " ind2=" ">
      <subfield code="a">bibFSZ157503</subfield>
    </datafield>
    <datafield tag="040" ind1=" " ind2=" ">
      <subfield code="a">FSZEK</subfield>
    </datafield>
    <datafield tag="245" ind1="0" ind2="0">
      <subfield code="a">100% fado</subfield>
      <subfield code="h">[Hangfelvétel] :</subfield>
      <subfield code="b">22 beautiful Prtuguese songs /</subfield>
      <subfield code="c">Maria Dilar [et al.]</subfield>
    </datafield>
    <datafield tag="260" ind1=" " ind2=" ">
      <subfield code="a">[S.l.] :</subfield>
      <subfield code="b">[S.n.],</subfield>
      <subfield code="c">[2001]</subfield>
    </datafield>
    <datafield tag="300" ind1=" " ind2=" ">
      <subfield code="a">1 CD :</subfield>
      <subfield code="b">ADD ;</subfield>
      <subfield code="c">12 cm +</subfield>
      <subfield code="e">1 t.</subfield>
    </datafield>
    <datafield tag="306" ind1=" " ind2=" ">
      <subfield code="a">(70 min 24 s)</subfield>
    </datafield>
    <datafield tag="505" ind1="0" ind2="0">
      <subfield code="t">Fado da saudada ;</subfield>
      <subfield code="t">Lenda das algas ;</subfield>
      <subfield code="t">Lisboa e o Tejo ;</subfield>
      <subfield code="t">Fado do fado ;</subfield>
      <subfield code="t">A tendiha ;</subfield>
      <subfield code="t">Coraçao bateu tres vezes ;</subfield>
      <subfield code="t">Valeu a Pena ;</subfield>
      <subfield code="t">Fado é Saudade ;</subfield>
      <subfield code="t">Rosa Enjeitada ;</subfield>
      <subfield code="t">Cançao da Esperança ;</subfield>
      <subfield code="t">Fado Hilário ;</subfield>
      <subfield code="t">Fado Adivinha ;</subfield>
      <subfield code="t">Velho Marinheiro ;</subfield>
      <subfield code="t">Balada ;</subfield>
      <subfield code="t">Saudade ;</subfield>
      <subfield code="t">Foi na travessa da palha ;</subfield>
      <subfield code="t">Alamares ;</subfield>
      <subfield code="t">Amalia ;</subfield>
      <subfield code="t">Ai mouraria ;</subfield>
      <subfield code="t">Dito por nao dito ;</subfield>
      <subfield code="t">Peregrino do fado ;</subfield>
      <subfield code="t">Conta errada</subfield>
    </datafield>
    <datafield tag="695" ind1=" " ind2="1">
      <subfield code="a">portugál zene</subfield>
    </datafield>
    <datafield tag="700" ind1="1" ind2=" ">
      <subfield code="a">Dilar, Maria</subfield>
      <subfield code="4">előadó</subfield>
    </datafield>
    <datafield tag="852" ind1=" " ind2=" ">
      <subfield code="a">B10</subfield>
      <subfield code="b">0101</subfield>
      <subfield code="x">bibFSZ157503</subfield>
    </datafield>
  </record>