
  <record>
    <leader>00787cam  22001811  4500</leader>
    <controlfield tag="001">MOKKAZ0004266348  </controlfield>
    <controlfield tag="005">20040910054546.0</controlfield>
    <controlfield tag="008">      s1994                        hun d</controlfield>
    <datafield tag="020" ind1=" " ind2=" ">
      <subfield code="a">(fűzött) :</subfield>
    </datafield>
    <datafield tag="035" ind1=" " ind2=" ">
      <subfield code="a">bibFSZ00111931</subfield>
    </datafield>
    <datafield tag="040" ind1=" " ind2=" ">
      <subfield code="a">FSZEK</subfield>
    </datafield>
    <datafield tag="100" ind1="1" ind2=" ">
      <subfield code="a">Lippai Gergelyné</subfield>
    </datafield>
    <datafield tag="245" ind1="1" ind2="0">
      <subfield code="a">100 feladat - 100 megoldás : </subfield>
      <subfield code="b">szakköri és versenyre felkészítő feladatok az általános iskolák 4. osztályos tanulói számára /</subfield>
      <subfield code="c">[összeáll. Lippai Gergelyné, Váradi Istvánné]</subfield>
    </datafield>
    <datafield tag="260" ind1=" " ind2=" ">
      <subfield code="a">Nyíregyháza :</subfield>
      <subfield code="b">Homonnai és Tsa Kiadó,</subfield>
      <subfield code="c">1994</subfield>
    </datafield>
    <datafield tag="300" ind1=" " ind2=" ">
      <subfield code="a">[2], 35 p. :</subfield>
      <subfield code="b">ill. ;</subfield>
      <subfield code="c">30 cm</subfield>
    </datafield>
    <datafield tag="680" ind1=" " ind2="0">
      <subfield code="a">matematika / tantárgy</subfield>
      <subfield code="a">alsófokú iskolai tankönyv</subfield>
      <subfield code="a">tankönyv, alsófokú iskolákban</subfield>
      <subfield code="a">feladatok, kérdések</subfield>
      <subfield code="a">tesztlapok</subfield>
    </datafield>
    <datafield tag="700" ind1="1" ind2=" ">
      <subfield code="a">Váradi Istvánné</subfield>
    </datafield>
    <datafield tag="852" ind1=" " ind2=" ">
      <subfield code="a">B10</subfield>
      <subfield code="b">0602</subfield>
      <subfield code="x">bibFSZ00111931</subfield>
    </datafield>
  </record>