
  <record>
    <leader>01672nam  2200565 i 4500</leader>
    <controlfield tag="001">MOKKAW0005377145  </controlfield>
    <controlfield tag="005">20091126210924.0</controlfield>
    <controlfield tag="008">071114t20072007hu arc        00000 hun d</controlfield>
    <datafield tag="020" ind1=" " ind2=" ">
      <subfield code="a">978-963-8200-11-2 (kötött)</subfield>
    </datafield>
    <datafield tag="035" ind1=" " ind2=" ">
      <subfield code="a">2687194</subfield>
    </datafield>
    <datafield tag="040" ind1=" " ind2=" ">
      <subfield code="a">OSZK</subfield>
      <subfield code="d">OSZK</subfield>
    </datafield>
    <datafield tag="041" ind1="0" ind2=" ">
      <subfield code="a">hunhun</subfield>
    </datafield>
    <datafield tag="080" ind1=" " ind2=" ">
      <subfield code="a">641.55(083.12)</subfield>
    </datafield>
    <datafield tag="080" ind1=" " ind2=" ">
      <subfield code="a">929(439)"200"</subfield>
    </datafield>
    <datafield tag="080" ind1=" " ind2=" ">
      <subfield code="a">929(439)(089.3)</subfield>
    </datafield>
    <datafield tag="100" ind1="1" ind2=" ">
      <subfield code="a">Bellér Ágnes</subfield>
    </datafield>
    <datafield tag="245" ind1="1" ind2="0">
      <subfield code="a">100 férfi, 100 recept /</subfield>
      <subfield code="c">Bellér Ágnes</subfield>
    </datafield>
    <datafield tag="260" ind1=" " ind2=" ">
      <subfield code="a">[Budapest] :</subfield>
      <subfield code="b">Glória Press,</subfield>
      <subfield code="c">cop. 2007</subfield>
    </datafield>
    <datafield tag="300" ind1=" " ind2=" ">
      <subfield code="a">310 p. :</subfield>
      <subfield code="b">ill., színes ;</subfield>
      <subfield code="c">21 cm</subfield>
    </datafield>
    <datafield tag="650" ind1="1" ind2="7">
      <subfield code="a">híres ember</subfield>
      <subfield code="2">oszk</subfield>
    </datafield>
    <datafield tag="650" ind1="1" ind2="7">
      <subfield code="a">ezredforduló</subfield>
      <subfield code="2">oszk</subfield>
    </datafield>
    <datafield tag="650" ind1=" " ind2="4">
      <subfield code="a">híres ember</subfield>
    </datafield>
    <datafield tag="650" ind1=" " ind2="4">
      <subfield code="a">anekdota</subfield>
    </datafield>
    <datafield tag="650" ind1=" " ind2="4">
      <subfield code="a">ételrecept</subfield>
    </datafield>
    <datafield tag="650" ind1=" " ind2="4">
      <subfield code="a">gasztronómia</subfield>
    </datafield>
    <datafield tag="650" ind1=" " ind2="7">
      <subfield code="a">Híres emberek</subfield>
      <subfield code="x">magyar és szakácsművészet</subfield>
      <subfield code="2">szte</subfield>
    </datafield>
    <datafield tag="650" ind1=" " ind2="7">
      <subfield code="a">Szakácskönyv</subfield>
      <subfield code="2">szte</subfield>
    </datafield>
    <datafield tag="650" ind1=" " ind2="7">
      <subfield code="a">Híres emberek</subfield>
      <subfield code="x">magyar</subfield>
      <subfield code="y">20. sz.</subfield>
      <subfield code="x">interjúk</subfield>
      <subfield code="2">szte</subfield>
    </datafield>
    <datafield tag="650" ind1=" " ind2="4">
      <subfield code="a">Szakácsművészet</subfield>
      <subfield code="x">receptek</subfield>
    </datafield>
    <datafield tag="650" ind1=" " ind2="4">
      <subfield code="a">Hírességek</subfield>
      <subfield code="z">Magyarország</subfield>
      <subfield code="x">interjúk</subfield>
    </datafield>
    <datafield tag="650" ind1=" " ind2="0">
      <subfield code="a">Cookery</subfield>
      <subfield code="x">Recipes.</subfield>
    </datafield>
    <datafield tag="650" ind1=" " ind2="0">
      <subfield code="a">Celebrities</subfield>
      <subfield code="z">Hungary</subfield>
      <subfield code="x">Interviews.</subfield>
    </datafield>
    <datafield tag="650" ind1=" " ind2="4">
      <subfield code="a">2000-es évek</subfield>
    </datafield>
    <datafield tag="650" ind1=" " ind2="4">
      <subfield code="a">Magyarország</subfield>
    </datafield>
    <datafield tag="650" ind1=" " ind2="4">
      <subfield code="a">férfi</subfield>
    </datafield>
    <datafield tag="650" ind1=" " ind2="4">
      <subfield code="a">szakácskönyv</subfield>
    </datafield>
    <datafield tag="651" ind1=" " ind2="4">
      <subfield code="a">Magyarország</subfield>
    </datafield>
    <datafield tag="653" ind1=" " ind2=" ">
      <subfield code="a">20-21. sz</subfield>
    </datafield>
    <datafield tag="653" ind1=" " ind2=" ">
      <subfield code="a">200</subfield>
    </datafield>
    <datafield tag="653" ind1=" " ind2=" ">
      <subfield code="a">híres emberek</subfield>
    </datafield>
    <datafield tag="653" ind1=" " ind2=" ">
      <subfield code="a">interjú</subfield>
    </datafield>
    <datafield tag="653" ind1=" " ind2=" ">
      <subfield code="a">szakácskönyv</subfield>
    </datafield>
    <datafield tag="852" ind1=" " ind2=" ">
      <subfield code="a">B1</subfield>
      <subfield code="b">B1</subfield>
      <subfield code="x">2687194</subfield>
    </datafield>
    <datafield tag="852" ind1=" " ind2=" ">
      <subfield code="a">D1</subfield>
      <subfield code="b">D1</subfield>
      <subfield code="x">bibDEK00671118</subfield>
    </datafield>
    <datafield tag="852" ind1=" " ind2=" ">
      <subfield code="a">B10</subfield>
      <subfield code="b">B10</subfield>
      <subfield code="x">bibFSZ01375959</subfield>
    </datafield>
    <datafield tag="852" ind1=" " ind2=" ">
      <subfield code="a">GY1</subfield>
      <subfield code="b">GY1</subfield>
      <subfield code="x">KKMK1631284</subfield>
    </datafield>
    <datafield tag="852" ind1=" " ind2=" ">
      <subfield code="a">SZ4</subfield>
      <subfield code="b">SZ4/K2</subfield>
      <subfield code="b">SZ4/F8</subfield>
      <subfield code="x">bibSOK00427325</subfield>
    </datafield>
    <datafield tag="852" ind1=" " ind2=" ">
      <subfield code="a">SZ1</subfield>
      <subfield code="b">SZ1</subfield>
      <subfield code="x">MOKKAW0005106859</subfield>
    </datafield>
    <datafield tag="852" ind1=" " ind2=" ">
      <subfield code="a">B9</subfield>
      <subfield code="b">B9</subfield>
      <subfield code="x">714796</subfield>
    </datafield>
    <datafield tag="852" ind1=" " ind2=" ">
      <subfield code="a">SZO1</subfield>
      <subfield code="b">SZO1</subfield>
      <subfield code="x">150624634</subfield>
    </datafield>
  </record>