
  <record>
    <leader>00490cam  2200169u  4500</leader>
    <controlfield tag="001">MOKKAZ0004366603  </controlfield>
    <controlfield tag="005">20090716030205.0</controlfield>
    <controlfield tag="008">      s1967                        rus d</controlfield>
    <datafield tag="035" ind1=" " ind2=" ">
      <subfield code="a">bibFSZ00212632</subfield>
    </datafield>
    <datafield tag="040" ind1=" " ind2=" ">
      <subfield code="a">FSZEK</subfield>
    </datafield>
    <datafield tag="041" ind1=" " ind2=" ">
      <subfield code="a">eng</subfield>
    </datafield>
    <datafield tag="080" ind1=" " ind2="0">
      <subfield code="a">791.43(47)"1917/1967"</subfield>
    </datafield>
    <datafield tag="100" ind1="1" ind2=" ">
      <subfield code="a">Pisarevskij, Dmitrij Sergeevič</subfield>
    </datafield>
    <datafield tag="245" ind1="1" ind2="0">
      <subfield code="a">100 fil'mov sovetskogo kino /</subfield>
      <subfield code="c">D. Pisarevskij</subfield>
    </datafield>
    <datafield tag="260" ind1=" " ind2=" ">
      <subfield code="a">Moskva :</subfield>
      <subfield code="b">Iskusstvo,</subfield>
      <subfield code="c">1967</subfield>
    </datafield>
    <datafield tag="300" ind1=" " ind2=" ">
      <subfield code="a">319, [1] p. :</subfield>
      <subfield code="b">ill. ;</subfield>
      <subfield code="c">27 cm</subfield>
    </datafield>
    <datafield tag="852" ind1=" " ind2=" ">
      <subfield code="a">B10</subfield>
      <subfield code="b">0801</subfield>
      <subfield code="x">bibFSZ00212632</subfield>
    </datafield>
  </record>