
  <record>
    <leader>02024njm  2200277 i 4500</leader>
    <controlfield tag="001">MOKKAS0001571889  </controlfield>
    <controlfield tag="005">20060113221418.0</controlfield>
    <controlfield tag="008">050903s1990    hu            00010 hun d</controlfield>
    <datafield tag="020" ind1=" " ind2=" ">
      <subfield code="c">750,-Ft</subfield>
    </datafield>
    <datafield tag="028" ind1="0" ind2="0">
      <subfield code="a">HCD 37362-2</subfield>
    </datafield>
    <datafield tag="035" ind1=" " ind2=" ">
      <subfield code="a">bibVFK00001361</subfield>
    </datafield>
    <datafield tag="040" ind1=" " ind2=" ">
      <subfield code="a">VFMK</subfield>
    </datafield>
    <datafield tag="110" ind1="2" ind2=" ">
      <subfield code="a">100 Folk Celsius</subfield>
    </datafield>
    <datafield tag="245" ind1="1" ind2="0">
      <subfield code="a">100 Folk Celsius</subfield>
      <subfield code="h">[Hangfelvétel] /</subfield>
      <subfield code="c">Droszmér István [és mások] ; szöv. Csukás István [és mások] ; [ea.] 100 Folk Celsius.) ; közrem. Eszményi Viktória, é. ; Kudlik Júlia, próza [és mások]</subfield>
    </datafield>
    <datafield tag="260" ind1=" " ind2=" ">
      <subfield code="a">[Bp.] :</subfield>
      <subfield code="b">Hungaroton-Pepita,</subfield>
      <subfield code="c">1990</subfield>
    </datafield>
    <datafield tag="300" ind1=" " ind2=" ">
      <subfield code="a">1 db CD :</subfield>
      <subfield code="b">sztereó ;</subfield>
      <subfield code="c">12 cm</subfield>
    </datafield>
    <datafield tag="306" ind1=" " ind2=" ">
      <subfield code="a">72 min 12 s</subfield>
    </datafield>
    <datafield tag="504" ind1=" " ind2=" ">
      <subfield code="a">Cím-, szerzőségi és ea. adatok kieg. a borítóról</subfield>
    </datafield>
    <datafield tag="505" ind1="0" ind2="0">
      <subfield code="g">1.</subfield>
      <subfield code="t">Drága otthon /</subfield>
      <subfield code="r">[ea.] 100 Folk Celsius--</subfield>
      <subfield code="g">2.</subfield>
      <subfield code="t">Mikor Szekszárdra készültem /</subfield>
      <subfield code="r">[ea.] 100 Folk Celsius--</subfield>
      <subfield code="g">3.</subfield>
      <subfield code="t">Nincs jobb lány, mint Jo-Jo /</subfield>
      <subfield code="r">[ea.] 100 Folk Celsius--</subfield>
      <subfield code="g">4.</subfield>
      <subfield code="t">Ohio /</subfield>
      <subfield code="r">[ea.] 100 Folk Celsius--</subfield>
      <subfield code="g">5.</subfield>
      <subfield code="t">Anyám, ha szeretsz egy kicsit /</subfield>
      <subfield code="r">[ea.] 100 Folk Celsius--</subfield>
      <subfield code="g">6.</subfield>
      <subfield code="t">Köhögni kell /</subfield>
      <subfield code="r">[ea.] 100 Folk Celsius--</subfield>
      <subfield code="g">7.</subfield>
      <subfield code="t">Paff /</subfield>
      <subfield code="r">[ea.] 100 Folk Celsius--</subfield>
      <subfield code="g">8.</subfield>
      <subfield code="t">Hány lába van? /</subfield>
      <subfield code="r">[ea.] 100 Folk Celsius--</subfield>
      <subfield code="g">9.</subfield>
      <subfield code="t">Altaó /</subfield>
      <subfield code="r">[ea.] 100 Folk Celsius--</subfield>
      <subfield code="g">10.</subfield>
      <subfield code="t">Ferkó, Öcsi meg én... /</subfield>
      <subfield code="r">[ea.] 100 Folk Celsius--</subfield>
      <subfield code="g">11.</subfield>
      <subfield code="t">Jégvirág /</subfield>
      <subfield code="r">[ea.] 100 Folk Celsius--</subfield>
      <subfield code="g">12.</subfield>
      <subfield code="t">A nagy Ho-Ho-Ho /</subfield>
      <subfield code="r">Pető Zsolt ; szöv. Csukás István ; [ea.] 100 Folk Celsius--</subfield>
      <subfield code="g">13.</subfield>
      <subfield code="t">Miki Manó /</subfield>
      <subfield code="r">[ea.] 100 Folk Celsius--</subfield>
      <subfield code="g">14.</subfield>
      <subfield code="t">Három kivánság /</subfield>
      <subfield code="r">Heilig Gábor ; [ea.] 100 Folk Celsius--</subfield>
      <subfield code="g">15.</subfield>
      <subfield code="t">BMX csodabringa /</subfield>
      <subfield code="r">[ea.] 100 Folk Celsius--</subfield>
      <subfield code="g">16.</subfield>
      <subfield code="t">Nyelvtörő /</subfield>
      <subfield code="r">[ea.] 100 Folk Celsius--</subfield>
      <subfield code="g">17.</subfield>
      <subfield code="t">Megint elmúlt egy nyár /</subfield>
      <subfield code="r">[ea.] 100 Folk Celsius--</subfield>
      <subfield code="g">18.</subfield>
      <subfield code="t">TV-Maci /</subfield>
      <subfield code="r">[ea.] 100 Folk Celsius--</subfield>
      <subfield code="g">19.</subfield>
      <subfield code="t">Miért piros? /</subfield>
      <subfield code="r">[ea.] 100 Folk Celsius--</subfield>
      <subfield code="g">20.</subfield>
      <subfield code="t">Ünnepek ünnepe /</subfield>
      <subfield code="r">[ea.] 100 Folk Celsius</subfield>
    </datafield>
    <datafield tag="650" ind1=" " ind2="4">
      <subfield code="a">Magyar</subfield>
    </datafield>
    <datafield tag="650" ind1=" " ind2="5">
      <subfield code="a">Könnyűzene</subfield>
    </datafield>
    <datafield tag="650" ind1=" " ind2="5">
      <subfield code="a">Country-zene</subfield>
    </datafield>
    <datafield tag="700" ind1="1" ind2=" ">
      <subfield code="a">Eszményi Viktória</subfield>
      <subfield code="c">(é.)</subfield>
      <subfield code="4">é.</subfield>
    </datafield>
    <datafield tag="700" ind1="1" ind2=" ">
      <subfield code="a">Kudlik Júlia</subfield>
      <subfield code="d">(1945-)</subfield>
      <subfield code="4">prózai szöv.</subfield>
    </datafield>
    <datafield tag="710" ind1="2" ind2=" ">
      <subfield code="a">100 Folk Celsius</subfield>
      <subfield code="4">ea.</subfield>
    </datafield>
    <datafield tag="852" ind1=" " ind2=" ">
      <subfield code="a">SZL1</subfield>
      <subfield code="b">SZL1</subfield>
      <subfield code="x">bibVFK00001361</subfield>
    </datafield>
  </record>