
  <record>
    <leader>00959cjm  2200181   4500</leader>
    <controlfield tag="001">MOKKAN0004253867  </controlfield>
    <controlfield tag="005">20070408174949.0</controlfield>
    <controlfield tag="008">      s1990                        hun d</controlfield>
    <datafield tag="028" ind1=" " ind2=" ">
      <subfield code="a">HCD 37362</subfield>
    </datafield>
    <datafield tag="035" ind1=" " ind2=" ">
      <subfield code="a">bibFSZ00438360</subfield>
    </datafield>
    <datafield tag="040" ind1=" " ind2=" ">
      <subfield code="a">FSZEK</subfield>
    </datafield>
    <datafield tag="110" ind1="2" ind2=" ">
      <subfield code="a">100 Folk Celsius</subfield>
    </datafield>
    <datafield tag="245" ind1="1" ind2="0">
      <subfield code="a">100 Folk Celsius</subfield>
      <subfield code="h">[Hangfelvétel]</subfield>
    </datafield>
    <datafield tag="260" ind1=" " ind2=" ">
      <subfield code="a">[Budapest] :</subfield>
      <subfield code="b">Hungaroton,</subfield>
      <subfield code="c">1990</subfield>
    </datafield>
    <datafield tag="300" ind1=" " ind2=" ">
      <subfield code="a">1 CD (72 min 10 s) ;</subfield>
      <subfield code="c">12 cm +</subfield>
      <subfield code="e">1 t.</subfield>
    </datafield>
    <datafield tag="505" ind1="0" ind2="0">
      <subfield code="g">1.,</subfield>
      <subfield code="t">Drága otthon</subfield>
      <subfield code="g">2.,</subfield>
      <subfield code="t">Mikor Szekszárdra készültem</subfield>
      <subfield code="g">3.,</subfield>
      <subfield code="t">Nincs jobb lány, mint a Jo-Jo</subfield>
      <subfield code="g">4.,</subfield>
      <subfield code="t">Ohio</subfield>
      <subfield code="g">5.,</subfield>
      <subfield code="t">Anyám, ha szeretsz egy kicsit</subfield>
      <subfield code="g">6.,</subfield>
      <subfield code="t">Köhögni kell</subfield>
      <subfield code="g">7.,</subfield>
      <subfield code="t">Paff</subfield>
      <subfield code="g">8.,</subfield>
      <subfield code="t">Hány lába van?</subfield>
      <subfield code="g">9.,</subfield>
      <subfield code="t">Altató</subfield>
      <subfield code="g">10.,</subfield>
      <subfield code="t">Ferkó, Öcsi meg én...</subfield>
      <subfield code="g">11.,</subfield>
      <subfield code="t">Jégvirág</subfield>
      <subfield code="g">12.,</subfield>
      <subfield code="t">A nagy Ho-Ho-Ho</subfield>
      <subfield code="g">13.,</subfield>
      <subfield code="t">Miki Manó</subfield>
      <subfield code="g">14.,</subfield>
      <subfield code="t">Három kívánság</subfield>
      <subfield code="g">15.,</subfield>
      <subfield code="t">BMX, a csodabringa</subfield>
      <subfield code="g">16.,</subfield>
      <subfield code="t">Nyelvtörő</subfield>
      <subfield code="g">17.,</subfield>
      <subfield code="t">Megint elmúlt egy nyár</subfield>
      <subfield code="g">18.,</subfield>
      <subfield code="t">TV-Maci</subfield>
      <subfield code="g">19.,</subfield>
      <subfield code="t">Miért piros?</subfield>
      <subfield code="g">20.,</subfield>
      <subfield code="t">Ünnepek ünnepe</subfield>
    </datafield>
    <datafield tag="695" ind1=" " ind2="1">
      <subfield code="a">country</subfield>
    </datafield>
    <datafield tag="852" ind1=" " ind2=" ">
      <subfield code="a">B10</subfield>
      <subfield code="B">1401</subfield>
      <subfield code="B">1601</subfield>
      <subfield code="b">0602</subfield>
      <subfield code="x">bibFSZ00438360</subfield>
    </datafield>
  </record>