
  <record>
    <leader>01180njm  2200229   4500</leader>
    <controlfield tag="001">MOKKAN0004279588  </controlfield>
    <controlfield tag="005">20070409122801.0</controlfield>
    <controlfield tag="008">051212s2005                        hun d</controlfield>
    <datafield tag="028" ind1=" " ind2=" ">
      <subfield code="a">5101-11174-2</subfield>
    </datafield>
    <datafield tag="035" ind1=" " ind2=" ">
      <subfield code="a">bibFSZ01206981</subfield>
    </datafield>
    <datafield tag="040" ind1=" " ind2=" ">
      <subfield code="a">FSZEK</subfield>
    </datafield>
    <datafield tag="110" ind1="2" ind2=" ">
      <subfield code="a">100 Folk Celsius</subfield>
    </datafield>
    <datafield tag="245" ind1="1" ind2="0">
      <subfield code="a">100 Folk Celsius</subfield>
      <subfield code="h">[Hangfelvétel] :</subfield>
      <subfield code="b">digitálisan újramasterelt felvételek</subfield>
    </datafield>
    <datafield tag="260" ind1=" " ind2=" ">
      <subfield code="a">[Budapest] :</subfield>
      <subfield code="b">Magneoton,</subfield>
      <subfield code="c">cop. 2005</subfield>
    </datafield>
    <datafield tag="300" ind1=" " ind2=" ">
      <subfield code="a">1 CD (72 min 52 s) ;</subfield>
      <subfield code="c">12 cm</subfield>
    </datafield>
    <datafield tag="490" ind1="1" ind2=" ">
      <subfield code="a">(Platina sorozat. A '90-es évek legnagyobb sikerei)</subfield>
    </datafield>
    <datafield tag="500" ind1=" " ind2=" ">
      <subfield code="a">Kemény papírtokban</subfield>
    </datafield>
    <datafield tag="505" ind1="0" ind2="0">
      <subfield code="t">Róka Roland ;</subfield>
      <subfield code="t">Csokitorta ;</subfield>
      <subfield code="t">Miki Manó meséi ;</subfield>
      <subfield code="t">A kutyám meg én ;</subfield>
      <subfield code="t">Szülinapom van hát tudja meg a világ ;</subfield>
      <subfield code="t">A világ lustája ;</subfield>
      <subfield code="t">Állati emlék ;</subfield>
      <subfield code="t">Kakaóbetyár ;</subfield>
      <subfield code="t">A mérleg ;</subfield>
      <subfield code="t">A nagy ho-ho-horgász ;</subfield>
      <subfield code="t">Minden évben egyszer ;</subfield>
      <subfield code="t">Énekelj kis haver ;</subfield>
      <subfield code="t">Macskásított induló ;</subfield>
      <subfield code="t">Évszakok ;</subfield>
      <subfield code="t">Vidámpark ;</subfield>
      <subfield code="t">A fánk fa ;</subfield>
      <subfield code="t">Miki Manó építkezik ;</subfield>
      <subfield code="t">A mama dala ;</subfield>
      <subfield code="t">Mindig jót akarok ;</subfield>
      <subfield code="t">Ajándék ;</subfield>
      <subfield code="t">Boldog születésnapot ;</subfield>
      <subfield code="t">Orrtyű ;</subfield>
      <subfield code="t">Paff a bűvös sárkány</subfield>
    </datafield>
    <datafield tag="695" ind1=" " ind2="1">
      <subfield code="a">pop</subfield>
    </datafield>
    <datafield tag="695" ind1=" " ind2="1">
      <subfield code="a">country</subfield>
    </datafield>
    <datafield tag="830" ind1="0" ind2=" ">
      <subfield code="a">Platina sorozat.</subfield>
      <subfield code="p">A '90-es évek legnagyobb sikerei</subfield>
    </datafield>
    <datafield tag="852" ind1=" " ind2=" ">
      <subfield code="a">B10</subfield>
      <subfield code="b">1704</subfield>
      <subfield code="x">bibFSZ01206981</subfield>
    </datafield>
  </record>