
  <record>
    <leader>02221njm  2200229 i 4500</leader>
    <controlfield tag="001">MOKKAZ0003390127  </controlfield>
    <controlfield tag="005">20070213212745.0</controlfield>
    <controlfield tag="008">961219s1990    hu   nn          1  hun d</controlfield>
    <datafield tag="028" ind1="0" ind2=" ">
      <subfield code="a">HCD 37362</subfield>
      <subfield code="b">Pepita</subfield>
    </datafield>
    <datafield tag="028" ind1=" " ind2=" ">
      <subfield code="a">HCD 37362</subfield>
    </datafield>
    <datafield tag="035" ind1=" " ind2=" ">
      <subfield code="a">bibKLT00124936</subfield>
    </datafield>
    <datafield tag="040" ind1=" " ind2=" ">
      <subfield code="a">DEENK</subfield>
    </datafield>
    <datafield tag="041" ind1=" " ind2=" ">
      <subfield code="a">hun</subfield>
      <subfield code="b">hun</subfield>
    </datafield>
    <datafield tag="245" ind1="0" ind2="0">
      <subfield code="a">100 Folk Celsius</subfield>
      <subfield code="h">[Hangfelvétel]</subfield>
    </datafield>
    <datafield tag="260" ind1=" " ind2=" ">
      <subfield code="a">[Budapest] :</subfield>
      <subfield code="b">Pepita,</subfield>
      <subfield code="c">1990</subfield>
    </datafield>
    <datafield tag="300" ind1=" " ind2=" ">
      <subfield code="a">1 CD :</subfield>
      <subfield code="b">AAD ;</subfield>
      <subfield code="c">12 cm +</subfield>
      <subfield code="e">melléklet</subfield>
    </datafield>
    <datafield tag="306" ind1=" " ind2=" ">
      <subfield code="a">(72 min 10 s)</subfield>
    </datafield>
    <datafield tag="505" ind1="0" ind2="0">
      <subfield code="g">1.</subfield>
      <subfield code="t">Drága otthon /</subfield>
      <subfield code="r">Droszméter István +</subfield>
      <subfield code="g">2.</subfield>
      <subfield code="t">Mikor Szekszárdra készültem /</subfield>
      <subfield code="r">Droszméter István +</subfield>
      <subfield code="g">3.</subfield>
      <subfield code="t">Nincs jobb lány, mint a Jo-jo /</subfield>
      <subfield code="r">Droszméter István +</subfield>
      <subfield code="g">4.</subfield>
      <subfield code="t">Ohio /</subfield>
      <subfield code="r">trad. - Muzsay András +</subfield>
      <subfield code="g">5.</subfield>
      <subfield code="t">Anyám, ha szeretsz egy kicsit /</subfield>
      <subfield code="r">Droszméter István +</subfield>
      <subfield code="g">6.</subfield>
      <subfield code="t">Köhögni kell /</subfield>
      <subfield code="r">Littvay Imre - Kovács J. László - Mikes Attila +</subfield>
      <subfield code="g">7.</subfield>
      <subfield code="t">Paff /</subfield>
      <subfield code="r">Peter Yarrow - Leonard Lipton - Orbán József - Muzsay András (feldolg.) +</subfield>
      <subfield code="g">8.</subfield>
      <subfield code="t">Hány lába van? /</subfield>
      <subfield code="r">Droszméter István +</subfield>
      <subfield code="g">9.</subfield>
      <subfield code="t">Altató /</subfield>
      <subfield code="r">Kovács J. László - Droszméter István +</subfield>
      <subfield code="g">10.</subfield>
      <subfield code="t">Ferkó, Öcsi meg én /</subfield>
      <subfield code="r">100 Folk Celsius +</subfield>
      <subfield code="g">11.</subfield>
      <subfield code="t">Jégvirág /</subfield>
      <subfield code="r">100 Folk Celsius +</subfield>
      <subfield code="g">12.</subfield>
      <subfield code="t">A nagy Ho-Ho-Ho /</subfield>
      <subfield code="r">Pető Zsolt - Csukás István +</subfield>
      <subfield code="g">13.</subfield>
      <subfield code="t">Miki Manó /</subfield>
      <subfield code="r">100 Folk Celsius +</subfield>
      <subfield code="g">14.</subfield>
      <subfield code="t">Három kívánság /</subfield>
      <subfield code="r">Heilig Gábor +</subfield>
      <subfield code="g">15.</subfield>
      <subfield code="t">BMX, a csodabringa /</subfield>
      <subfield code="r">Zsoldos Gábor - Heilig Gábor +</subfield>
      <subfield code="g">16.</subfield>
      <subfield code="t">Nyelvtörő /</subfield>
      <subfield code="r">Littvay Imre - Heilig Gábor +</subfield>
      <subfield code="g">17.</subfield>
      <subfield code="t">Megint elmúlt egy nyár /</subfield>
      <subfield code="r">Heilig Gábor - 100 Folk Celsius +</subfield>
      <subfield code="g">18.</subfield>
      <subfield code="t">TV-maci /</subfield>
      <subfield code="r">Heilig Gábor +</subfield>
      <subfield code="g">19.</subfield>
      <subfield code="t">Ünnepek ünnepek /</subfield>
      <subfield code="r">Heilig Gábor</subfield>
    </datafield>
    <datafield tag="511" ind1="2" ind2=" ">
      <subfield code="a">100 Folk Celsius (Drosztméter István - Kovács J. László - Littvay Imre - Mikes Attila - Orbán József - Heilig Gábor - Kocsándi Miklós) ; Eszményi Viktória ; Kudlik Júlia ; Vincze Lilla ; Flipper Öcsi ; D. Nagy Lajos ; Demjén Ferenc ; Karácsony János ; Gőz László ; Lerch István ; Solti János ; Berkes Gábor ; Kószás László ; Hajas György ; ifj. Csoóri Sándor ; Egerer Zoltán ; Réti János ; Berkes Zoltán ; Balaton László ; Zsoldos Béla ; Bacsek István ; LGM gyermekkórus</subfield>
    </datafield>
    <datafield tag="852" ind1=" " ind2=" ">
      <subfield code="a">B10</subfield>
      <subfield code="B">1401</subfield>
      <subfield code="b">1601</subfield>
      <subfield code="x">bibFSZ00438360</subfield>
    </datafield>
    <datafield tag="852" ind1=" " ind2=" ">
      <subfield code="a">SZK1</subfield>
      <subfield code="b">SZK1</subfield>
      <subfield code="x">bibTMK00042864</subfield>
    </datafield>
    <datafield tag="856" ind1=" " ind2="7">
      <subfield code="2">http</subfield>
      <subfield code="3">A CD borítója és zenei motívum</subfield>
      <subfield code="u">http://www.lib.klte.hu/voyager/mc/mc.cgi?00108751</subfield>
      <subfield code="x">DEENK</subfield>
    </datafield>
  </record>