
  <record>
    <leader>01427njm  2200205 i 4500</leader>
    <controlfield tag="001">MOKKAZ0003447928  </controlfield>
    <controlfield tag="005">20040909191605.0</controlfield>
    <controlfield tag="008">971125s1992    hu   nn          1  hun d</controlfield>
    <datafield tag="028" ind1="0" ind2=" ">
      <subfield code="a">MZ 059</subfield>
      <subfield code="b">Zebra</subfield>
    </datafield>
    <datafield tag="035" ind1=" " ind2=" ">
      <subfield code="a">bibKLT00158348</subfield>
    </datafield>
    <datafield tag="040" ind1=" " ind2=" ">
      <subfield code="a">DEENK</subfield>
    </datafield>
    <datafield tag="041" ind1=" " ind2=" ">
      <subfield code="a">hun</subfield>
      <subfield code="b">hun</subfield>
    </datafield>
    <datafield tag="245" ind1="0" ind2="0">
      <subfield code="a">100 Folk Celsius</subfield>
      <subfield code="h">[Hgf.] :</subfield>
      <subfield code="b">(nem) csak nőknek</subfield>
    </datafield>
    <datafield tag="260" ind1=" " ind2=" ">
      <subfield code="a">[Budapest] :</subfield>
      <subfield code="b">Zebra,</subfield>
      <subfield code="c">1992</subfield>
    </datafield>
    <datafield tag="300" ind1=" " ind2=" ">
      <subfield code="a">1 CD :</subfield>
      <subfield code="b">AAD ;</subfield>
      <subfield code="c">12 cm +</subfield>
      <subfield code="e">melléklet</subfield>
    </datafield>
    <datafield tag="306" ind1=" " ind2=" ">
      <subfield code="a">(52 min 51 s)</subfield>
    </datafield>
    <datafield tag="505" ind1="0" ind2="0">
      <subfield code="g">1.</subfield>
      <subfield code="t">Angyalok és boszorkák /</subfield>
      <subfield code="r">Littvay I. - Heilig G. +</subfield>
      <subfield code="g">2.</subfield>
      <subfield code="t">California /</subfield>
      <subfield code="r">Littvay I. +</subfield>
      <subfield code="g">3.</subfield>
      <subfield code="t">Késve jöttél /</subfield>
      <subfield code="r">Orbán J. +</subfield>
      <subfield code="g">4.</subfield>
      <subfield code="t">Egy cowboy Rióban /</subfield>
      <subfield code="r">Littvay I. +</subfield>
      <subfield code="g">5.</subfield>
      <subfield code="t">Csak az a fontos /</subfield>
      <subfield code="r">Droszméter I. +</subfield>
      <subfield code="g">6.</subfield>
      <subfield code="t">18 év felett /</subfield>
      <subfield code="r">Kovács J. L. - Littvay I. +</subfield>
      <subfield code="g">7.</subfield>
      <subfield code="t">Dalom a szél /</subfield>
      <subfield code="r">Kocsándi M. - Orbán J. +</subfield>
      <subfield code="g">8.</subfield>
      <subfield code="t">Vándormadár /</subfield>
      <subfield code="r">Littvay I. - Orbán J. +</subfield>
      <subfield code="g">9.</subfield>
      <subfield code="t">Vakrepülés /</subfield>
      <subfield code="r">Kocsándi M. - Heilig G. +</subfield>
      <subfield code="g">10.</subfield>
      <subfield code="t">Egyedül kettesben /</subfield>
      <subfield code="r">Kovács J. - Heilig G. +</subfield>
      <subfield code="g">11.</subfield>
      <subfield code="t">Vándor zsebretett kézzel /</subfield>
      <subfield code="r">Kocsándi M. - Heilig G. +</subfield>
      <subfield code="g">12.</subfield>
      <subfield code="t">Vízparti esték /</subfield>
      <subfield code="r">Kovács J. L. +</subfield>
      <subfield code="g">13.</subfield>
      <subfield code="t">Az öreg cowboy dala /</subfield>
      <subfield code="r">Heilig G. +</subfield>
      <subfield code="g">14.</subfield>
      <subfield code="t">Távol vagy tőlem /</subfield>
      <subfield code="r">Kocsándi M. - Heilig G.</subfield>
    </datafield>
    <datafield tag="511" ind1="2" ind2=" ">
      <subfield code="a">100 Folk Celsius (Miklós Attila - Orbán József - Kovács József László - Droszméter István - Heilig Gábor - Kocsándi Miklós - Littvay Imre)</subfield>
    </datafield>
    <datafield tag="852" ind1=" " ind2=" ">
      <subfield code="a">D1</subfield>
      <subfield code="b">D1/Z</subfield>
      <subfield code="x">bibKLT00158348</subfield>
    </datafield>
    <datafield tag="856" ind1=" " ind2="7">
      <subfield code="2">http</subfield>
      <subfield code="3">A CD borítója és zenei motívum</subfield>
      <subfield code="u">http://www.lib.klte.hu/voyager/mc/mc.cgi?00103336</subfield>
      <subfield code="x">DEENK</subfield>
    </datafield>
  </record>