
  <record>
    <leader>00405ngm  2200157 i 4500</leader>
    <controlfield tag="001">MOKKAS0001573336  </controlfield>
    <controlfield tag="005">20060113222401.0</controlfield>
    <controlfield tag="008">050903b        hu            00010 hun d</controlfield>
    <datafield tag="035" ind1=" " ind2=" ">
      <subfield code="a">bibVFK00008457</subfield>
    </datafield>
    <datafield tag="040" ind1=" " ind2=" ">
      <subfield code="a">VFMK</subfield>
    </datafield>
    <datafield tag="245" ind1="0" ind2="0">
      <subfield code="a">100 Folk Celsius: Miki Manó</subfield>
      <subfield code="h">[Videofelvétel]</subfield>
    </datafield>
    <datafield tag="300" ind1=" " ind2=" ">
      <subfield code="a">videokazetta</subfield>
    </datafield>
    <datafield tag="650" ind1=" " ind2="4">
      <subfield code="a">Magyar</subfield>
    </datafield>
    <datafield tag="650" ind1=" " ind2="5">
      <subfield code="a">Zenés film</subfield>
    </datafield>
    <datafield tag="650" ind1=" " ind2="5">
      <subfield code="a">Koncertfilm</subfield>
    </datafield>
    <datafield tag="852" ind1=" " ind2=" ">
      <subfield code="a">SZL1</subfield>
      <subfield code="b">SZL1</subfield>
      <subfield code="x">bibVFK00008457</subfield>
    </datafield>
  </record>