
  <record>
    <leader>00862nam  2200253 i 4500</leader>
    <controlfield tag="001">MOKKAZ0003523092  </controlfield>
    <controlfield tag="005">20040909195517.0</controlfield>
    <controlfield tag="008">980518c19971997hu a          00000 hun d</controlfield>
    <datafield tag="020" ind1=" " ind2=" ">
      <subfield code="a">963 9022 89 6 (kötött)</subfield>
    </datafield>
    <datafield tag="035" ind1=" " ind2=" ">
      <subfield code="a">bibKLT00209598</subfield>
    </datafield>
    <datafield tag="040" ind1=" " ind2=" ">
      <subfield code="a">DEENK</subfield>
    </datafield>
    <datafield tag="245" ind1="0" ind2="0">
      <subfield code="a">100 foltos ötlet :</subfield>
      <subfield code="b">folton-folt modellek és technikák : patchwork /</subfield>
      <subfield code="c">a Magyar Foltvarró Céh anyagából vál. Dolányi Anna ; [fotó Fejér Kati]</subfield>
    </datafield>
    <datafield tag="250" ind1=" " ind2=" ">
      <subfield code="a">2., változatlan  kiad.</subfield>
    </datafield>
    <datafield tag="260" ind1=" " ind2=" ">
      <subfield code="a">[Budapest] :</subfield>
      <subfield code="b">Pallas Stúdió,</subfield>
      <subfield code="c">cop. 1997</subfield>
      <subfield code="e">([Budapest] :</subfield>
      <subfield code="f">Kossuth)</subfield>
    </datafield>
    <datafield tag="300" ind1=" " ind2=" ">
      <subfield code="a">80 p. :</subfield>
      <subfield code="b">ill., részben színes ;</subfield>
      <subfield code="c">32 cm</subfield>
    </datafield>
    <datafield tag="650" ind1=" " ind2="4">
      <subfield code="a">Foltmozaik</subfield>
    </datafield>
    <datafield tag="650" ind1=" " ind2="0">
      <subfield code="a">Patchwork.</subfield>
    </datafield>
    <datafield tag="695" ind1=" " ind2="4">
      <subfield code="a">Foltmozaik</subfield>
    </datafield>
    <datafield tag="695" ind1=" " ind2=" ">
      <subfield code="a">patchwork</subfield>
    </datafield>
    <datafield tag="700" ind1="1" ind2=" ">
      <subfield code="a">Dolányi Anna</subfield>
    </datafield>
    <datafield tag="700" ind1="1" ind2=" ">
      <subfield code="a">Fejér Katalin</subfield>
    </datafield>
    <datafield tag="710" ind1="2" ind2=" ">
      <subfield code="a">Magyar Foltvarró Céh</subfield>
    </datafield>
    <datafield tag="852" ind1=" " ind2=" ">
      <subfield code="a">D1</subfield>
      <subfield code="b">D1</subfield>
      <subfield code="x">bibKLT00209598</subfield>
    </datafield>
    <datafield tag="852" ind1=" " ind2=" ">
      <subfield code="a">S1</subfield>
      <subfield code="b">S1</subfield>
      <subfield code="x">bibSEF49437</subfield>
    </datafield>
  </record>