
  <record>
    <leader>00726nam  2200217 i 4500</leader>
    <controlfield tag="001">MOKKAZ0003715708  </controlfield>
    <controlfield tag="005">20071114005539.0</controlfield>
    <controlfield tag="008">970721c19971994hu ro         00000 hun d</controlfield>
    <datafield tag="020" ind1=" " ind2=" ">
      <subfield code="a">963-9207-60-8 (kötött)</subfield>
    </datafield>
    <datafield tag="035" ind1=" " ind2=" ">
      <subfield code="a">bibSOK00120954</subfield>
    </datafield>
    <datafield tag="040" ind1=" " ind2=" ">
      <subfield code="a">DEENK</subfield>
    </datafield>
    <datafield tag="100" ind1="1" ind2=" ">
      <subfield code="a">Dolányi Anna</subfield>
    </datafield>
    <datafield tag="245" ind1="1" ind2="0">
      <subfield code="a">100 foltos ötlet :</subfield>
      <subfield code="b">patchwork : folton-folt modellek és technikák /</subfield>
      <subfield code="c">... vál. Dolányi Anna ; [fotó Fejér Kati]</subfield>
    </datafield>
    <datafield tag="260" ind1=" " ind2=" ">
      <subfield code="a">Budapest :</subfield>
      <subfield code="b">Pallas Stúdió,</subfield>
      <subfield code="c">[1997]</subfield>
    </datafield>
    <datafield tag="300" ind1=" " ind2=" ">
      <subfield code="a">80 p. :</subfield>
      <subfield code="b">ill. ;</subfield>
      <subfield code="c">32 cm</subfield>
    </datafield>
    <datafield tag="650" ind1=" " ind2="4">
      <subfield code="a">Foltmozaik</subfield>
      <subfield code="x">minták</subfield>
    </datafield>
    <datafield tag="650" ind1=" " ind2="0">
      <subfield code="a">Patchwork</subfield>
      <subfield code="x">Patterns.</subfield>
    </datafield>
    <datafield tag="650" ind1=" " ind2="7">
      <subfield code="a">Kézimunka</subfield>
      <subfield code="x">foltvarrás</subfield>
      <subfield code="2">szte</subfield>
    </datafield>
    <datafield tag="650" ind1=" " ind2="7">
      <subfield code="a">Patchwork</subfield>
      <subfield code="2">szte</subfield>
    </datafield>
    <datafield tag="852" ind1=" " ind2=" ">
      <subfield code="a">D1</subfield>
      <subfield code="B">HBO8</subfield>
      <subfield code="b">D1</subfield>
      <subfield code="x">bibSOK00120954</subfield>
    </datafield>
    <datafield tag="852" ind1=" " ind2=" ">
      <subfield code="a">SZ4</subfield>
      <subfield code="b">SZ4</subfield>
      <subfield code="x">bibSOK00120954</subfield>
    </datafield>
  </record>