
  <record>
    <leader>00718nam  2200205 i 4500</leader>
    <controlfield tag="001">MOKKAZ0006439245  </controlfield>
    <controlfield tag="005">20040915202559.0</controlfield>
    <controlfield tag="008">020118s2001    hu aro        000 0 hun d</controlfield>
    <datafield tag="020" ind1=" " ind2=" ">
      <subfield code="a">963-9207-60-8 (kötött)</subfield>
    </datafield>
    <datafield tag="035" ind1=" " ind2=" ">
      <subfield code="a">910926</subfield>
    </datafield>
    <datafield tag="040" ind1=" " ind2=" ">
      <subfield code="a">OSZK</subfield>
    </datafield>
    <datafield tag="041" ind1="0" ind2=" ">
      <subfield code="a">hunhun</subfield>
    </datafield>
    <datafield tag="072" ind1=" " ind2="1">
      <subfield code="a">Y</subfield>
    </datafield>
    <datafield tag="245" ind1="0" ind2="0">
      <subfield code="a">100 foltos ötlet : </subfield>
      <subfield code="b">folton-folt modellek és technikák : patchwork /</subfield>
      <subfield code="c">a Magyar Foltvarró Céh anyagából vál. Dolányi Anna ; [fotó Fejér Kati]</subfield>
    </datafield>
    <datafield tag="260" ind1=" " ind2=" ">
      <subfield code="a">[Budapest] :</subfield>
      <subfield code="b">Pallas Stúdió,</subfield>
      <subfield code="c">[2001]</subfield>
      <subfield code="e">([Budapest]</subfield>
      <subfield code="f">Kossuth Ny.)</subfield>
    </datafield>
    <datafield tag="300" ind1=" " ind2=" ">
      <subfield code="a">80 p. :</subfield>
      <subfield code="b">ill., részben színes ;</subfield>
      <subfield code="c">32 cm</subfield>
    </datafield>
    <datafield tag="700" ind1="1" ind2=" ">
      <subfield code="a">Dolányi Anna</subfield>
      <subfield code="4">(vál.)</subfield>
    </datafield>
    <datafield tag="700" ind1="1" ind2=" ">
      <subfield code="a">Fejér Kati</subfield>
      <subfield code="4">(fotó)</subfield>
    </datafield>
    <datafield tag="710" ind1="2" ind2=" ">
      <subfield code="a">Magyar Foltvarró Céh</subfield>
    </datafield>
    <datafield tag="852" ind1=" " ind2=" ">
      <subfield code="a">B1</subfield>
      <subfield code="b">B1</subfield>
      <subfield code="x">910926</subfield>
    </datafield>
  </record>