
  <record>
    <leader>00491nam  2200169   4500</leader>
    <controlfield tag="001">MOKKAS0002277348  </controlfield>
    <controlfield tag="005">20060527022728.0</controlfield>
    <controlfield tag="008">030707 1965    cs            00010 mul  </controlfield>
    <datafield tag="035" ind1=" " ind2=" ">
      <subfield code="a">bibSOK00148176</subfield>
    </datafield>
    <datafield tag="040" ind1=" " ind2=" ">
      <subfield code="a">SK</subfield>
    </datafield>
    <datafield tag="245" ind1="0" ind2="0">
      <subfield code="a">100 foto :</subfield>
      <subfield code="b">almanach fotografií /</subfield>
      <subfield code="c">[zostavil Miro Gregor]</subfield>
    </datafield>
    <datafield tag="260" ind1=" " ind2=" ">
      <subfield code="a">Vydavatel'stvo :</subfield>
      <subfield code="b">Obzor,</subfield>
      <subfield code="c">1965</subfield>
    </datafield>
    <datafield tag="300" ind1=" " ind2=" ">
      <subfield code="a">[50] p., 54 t. :</subfield>
      <subfield code="b">ill. ;</subfield>
      <subfield code="c">27 cm</subfield>
    </datafield>
    <datafield tag="500" ind1=" " ind2=" ">
      <subfield code="a">Magyar nyelvű előszó</subfield>
    </datafield>
    <datafield tag="695" ind1=" " ind2=" ">
      <subfield code="a">fényképalbum</subfield>
    </datafield>
    <datafield tag="695" ind1=" " ind2=" ">
      <subfield code="a">xxx</subfield>
    </datafield>
    <datafield tag="852" ind1=" " ind2=" ">
      <subfield code="a">SZ4</subfield>
      <subfield code="b">SZ4</subfield>
      <subfield code="x">bibSOK00148176</subfield>
    </datafield>
  </record>