
  <record>
    <leader>00841nam  2200205 i 4500</leader>
    <controlfield tag="001">MOKKAS0001161354  </controlfield>
    <controlfield tag="005">20060114200642.0</controlfield>
    <controlfield tag="008">050903s1965    hu            00010 slo d</controlfield>
    <datafield tag="035" ind1=" " ind2=" ">
      <subfield code="a">bibBKO00199540</subfield>
    </datafield>
    <datafield tag="040" ind1=" " ind2=" ">
      <subfield code="a">BMK</subfield>
    </datafield>
    <datafield tag="245" ind1="0" ind2="0">
      <subfield code="a">100 foto :</subfield>
      <subfield code="b">almanach fotografii = Ein Fotografiealmanach = Al'manah fotografij = An almanac of photographs = Un album des photographies /</subfield>
      <subfield code="c">[... zost. Miro Gregor v spolupráci s Magdalénou Robinsonovou a Karolom Kállayom]</subfield>
    </datafield>
    <datafield tag="260" ind1=" " ind2=" ">
      <subfield code="a">Bratislava :</subfield>
      <subfield code="b">Obzor,</subfield>
      <subfield code="c">1965</subfield>
    </datafield>
    <datafield tag="300" ind1=" " ind2=" ">
      <subfield code="a">[162] p. :</subfield>
      <subfield code="b">ill. ;</subfield>
      <subfield code="c">27 cm +</subfield>
      <subfield code="e">1 mell. (4 p.)</subfield>
    </datafield>
    <datafield tag="504" ind1=" " ind2=" ">
      <subfield code="a">Fotóalbum</subfield>
    </datafield>
    <datafield tag="650" ind1=" " ind2="4">
      <subfield code="a">sajtófotók, szlovák</subfield>
    </datafield>
    <datafield tag="650" ind1=" " ind2="4">
      <subfield code="a">szlovák sajtófotók ld. sajtófotók, szlovák</subfield>
    </datafield>
    <datafield tag="700" ind1="1" ind2=" ">
      <subfield code="a">Gregor, Miro</subfield>
      <subfield code="4">összeáll.</subfield>
    </datafield>
    <datafield tag="700" ind1="1" ind2=" ">
      <subfield code="a">Robinsonová, Magdaléna</subfield>
      <subfield code="4">közrem.</subfield>
    </datafield>
    <datafield tag="700" ind1="1" ind2=" ">
      <subfield code="a">Kállay, Karol</subfield>
      <subfield code="4">közrem.</subfield>
    </datafield>
    <datafield tag="852" ind1=" " ind2=" ">
      <subfield code="a">BCS1</subfield>
      <subfield code="b">BCS1</subfield>
      <subfield code="x">bibBKO00199540</subfield>
    </datafield>
  </record>