
  <record>
    <leader>00413nam  2200145 i 4500</leader>
    <controlfield tag="001">MOKKAS0003333764  </controlfield>
    <controlfield tag="005">20060604092928.0</controlfield>
    <controlfield tag="008">050101s1965                            d</controlfield>
    <datafield tag="035" ind1=" " ind2=" ">
      <subfield code="a">505330</subfield>
    </datafield>
    <datafield tag="040" ind1=" " ind2=" ">
      <subfield code="a">KKMK</subfield>
    </datafield>
    <datafield tag="100" ind1="1" ind2=" ">
      <subfield code="a">Miro Gregor</subfield>
    </datafield>
    <datafield tag="245" ind1="1" ind2="0">
      <subfield code="a">100 foto : </subfield>
      <subfield code="b">Almanach fotografii /</subfield>
      <subfield code="c">Gregor Miro</subfield>
    </datafield>
    <datafield tag="260" ind1=" " ind2=" ">
      <subfield code="a">Bratislava :</subfield>
      <subfield code="b">Obzor,</subfield>
      <subfield code="c">1965</subfield>
    </datafield>
    <datafield tag="300" ind1=" " ind2=" ">
      <subfield code="a">[16], 100, [36] p. ;</subfield>
      <subfield code="c">27 cm +</subfield>
      <subfield code="e">1 mell. [4] p.</subfield>
    </datafield>
    <datafield tag="852" ind1=" " ind2=" ">
      <subfield code="a">GY1</subfield>
      <subfield code="b">GY1</subfield>
      <subfield code="x">505330</subfield>
    </datafield>
  </record>