
  <record>
    <leader>00721nam  2200205 i 4500</leader>
    <controlfield tag="001">MOKKAS0003282769  </controlfield>
    <controlfield tag="005">20060602221451.0</controlfield>
    <controlfield tag="008">050101s1995                            d</controlfield>
    <datafield tag="020" ind1=" " ind2=" ">
      <subfield code="a">963-8095-26-1</subfield>
    </datafield>
    <datafield tag="035" ind1=" " ind2=" ">
      <subfield code="a">325084</subfield>
    </datafield>
    <datafield tag="040" ind1=" " ind2=" ">
      <subfield code="a">KKMK</subfield>
    </datafield>
    <datafield tag="100" ind1="1" ind2=" ">
      <subfield code="a">Moholy-Nagy László</subfield>
      <subfield code="d">(1895-1946)</subfield>
      <subfield code="c">(fotóművész)</subfield>
    </datafield>
    <datafield tag="245" ind1="1" ind2="0">
      <subfield code="a">100 fotó /</subfield>
      <subfield code="c">Moholy-Nagy László ; Kincses Károly ; szerk. Kolta Magdolna</subfield>
    </datafield>
    <datafield tag="260" ind1=" " ind2=" ">
      <subfield code="a">Kecskemét :</subfield>
      <subfield code="b">Fotográfiai Múzeum,</subfield>
      <subfield code="c">1995</subfield>
    </datafield>
    <datafield tag="300" ind1=" " ind2=" ">
      <subfield code="a">173 p. :</subfield>
      <subfield code="b">ill. ;</subfield>
      <subfield code="c">23 cm</subfield>
    </datafield>
    <datafield tag="490" ind1="1" ind2=" ">
      <subfield code="a">A magyar fotográfia történetéből</subfield>
      <subfield code="x">1217-1549</subfield>
      <subfield code="v">6.</subfield>
    </datafield>
    <datafield tag="700" ind1="1" ind2="0">
      <subfield code="a">Kincses Károly</subfield>
      <subfield code="d">(1954-)</subfield>
    </datafield>
    <datafield tag="700" ind1="1" ind2="0">
      <subfield code="a">Kolta Magdolna</subfield>
      <subfield code="d">(1958-2005)</subfield>
      <subfield code="4">(szerk.)</subfield>
    </datafield>
    <datafield tag="830" ind1=" " ind2="2">
      <subfield code="a">A magyar fotográfia történetéből</subfield>
    </datafield>
    <datafield tag="852" ind1=" " ind2=" ">
      <subfield code="a">GY1</subfield>
      <subfield code="b">GY1</subfield>
      <subfield code="x">325084</subfield>
    </datafield>
  </record>