
  <record>
    <leader>02139fam  2200517 ir4500</leader>
    <controlfield tag="001">MOKKAZ0006328763  </controlfield>
    <controlfield tag="005">20040915192715.0</controlfield>
    <controlfield tag="008">950703s1995    hu o     b    000 0dhun d</controlfield>
    <datafield tag="020" ind1=" " ind2=" ">
      <subfield code="a">963-8095-26-1 (fűzött)</subfield>
    </datafield>
    <datafield tag="035" ind1=" " ind2=" ">
      <subfield code="a">137248</subfield>
    </datafield>
    <datafield tag="040" ind1=" " ind2=" ">
      <subfield code="a">OSZK</subfield>
    </datafield>
    <datafield tag="041" ind1="0" ind2=" ">
      <subfield code="a">hunhun</subfield>
      <subfield code="b">gereng</subfield>
    </datafield>
    <datafield tag="100" ind1="2" ind2=" ">
      <subfield code="a">Moholy-Nagy László</subfield>
      <subfield code="d">(1895-1946)</subfield>
    </datafield>
    <datafield tag="245" ind1="1" ind2="0">
      <subfield code="a">100 fotó /</subfield>
      <subfield code="c">Moholy-Nagy László ; [szerk. Kolta Magdolna] ; [szöveg Hattula Moholy-Nagy, Kincses Károly]</subfield>
    </datafield>
    <datafield tag="260" ind1=" " ind2=" ">
      <subfield code="a">[Kecskemét] :</subfield>
      <subfield code="b">M. Fotográfiai Múz.</subfield>
      <subfield code="a">Budapest :</subfield>
      <subfield code="b">Pelikán,</subfield>
      <subfield code="c">1995</subfield>
      <subfield code="e">([S.l.]</subfield>
      <subfield code="f">Pauker)</subfield>
    </datafield>
    <datafield tag="300" ind1=" " ind2=" ">
      <subfield code="a">173 p. :</subfield>
      <subfield code="b">ill. ;</subfield>
      <subfield code="c">23 cm</subfield>
    </datafield>
    <datafield tag="490" ind1="1" ind2=" ">
      <subfield code="a">A magyar fotográfia történetéből</subfield>
      <subfield code="x">1217-1549</subfield>
      <subfield code="v">6.</subfield>
    </datafield>
    <datafield tag="500" ind1=" " ind2=" ">
      <subfield code="a">Kész. a Magyar Fotográfiai Múzeumban 1995. jún. 30 - aug. 27. között "Moholy-Nagy László - 100 fotó" címmel megrendezett kiállítás alkalmából</subfield>
    </datafield>
    <datafield tag="500" ind1=" " ind2=" ">
      <subfield code="a">Összefoglalás német és angol nyelven</subfield>
    </datafield>
    <datafield tag="504" ind1=" " ind2=" ">
      <subfield code="a">Bibliogr.: p. 160-168.</subfield>
    </datafield>
    <datafield tag="650" ind1=" " ind2="4">
      <subfield code="a">Fényképezés, művészi</subfield>
    </datafield>
    <datafield tag="650" ind1=" " ind2="0">
      <subfield code="a">Photography, Artistic.</subfield>
    </datafield>
    <datafield tag="650" ind1=" " ind2="4">
      <subfield code="a">fotóművész</subfield>
      <subfield code="y">20. sz.</subfield>
      <subfield code="z">magyar</subfield>
    </datafield>
    <datafield tag="650" ind1="0" ind2="4">
      <subfield code="a">fotózás</subfield>
      <subfield code="x">története</subfield>
      <subfield code="z">magyar</subfield>
    </datafield>
    <datafield tag="650" ind1=" " ind2="7">
      <subfield code="a">fotóművészet</subfield>
      <subfield code="x">történet</subfield>
      <subfield code="x">Moholy-Nagy L.</subfield>
      <subfield code="x">Buhaus</subfield>
      <subfield code="y">20. sz.</subfield>
      <subfield code="2">szte</subfield>
    </datafield>
    <datafield tag="650" ind1=" " ind2="7">
      <subfield code="a">photography</subfield>
      <subfield code="x">history</subfield>
      <subfield code="x">Moholy-Nagy L.</subfield>
      <subfield code="x">Buhaus</subfield>
      <subfield code="y">20. c.</subfield>
      <subfield code="2">szte</subfield>
    </datafield>
    <datafield tag="650" ind1=" " ind2="4">
      <subfield code="a">Retrokonv</subfield>
    </datafield>
    <datafield tag="650" ind1=" " ind2="4">
      <subfield code="a">Fotóalbum</subfield>
    </datafield>
    <datafield tag="650" ind1=" " ind2="4">
      <subfield code="a">Fényképészet</subfield>
    </datafield>
    <datafield tag="650" ind1=" " ind2="4">
      <subfield code="a">Életrajz</subfield>
    </datafield>
    <datafield tag="695" ind1=" " ind2="4">
      <subfield code="a">fotóművész</subfield>
      <subfield code="y">20. sz.</subfield>
      <subfield code="z">magyar</subfield>
    </datafield>
    <datafield tag="695" ind1="1" ind2="1">
      <subfield code="a">Kolta Magdolna</subfield>
    </datafield>
    <datafield tag="695" ind1="2" ind2="1">
      <subfield code="a">Moholy-Nagy, Hattula</subfield>
    </datafield>
    <datafield tag="695" ind1="1" ind2="1">
      <subfield code="a">Kincses Károly</subfield>
      <subfield code="d">(1954-)</subfield>
    </datafield>
    <datafield tag="700" ind1="1" ind2=" ">
      <subfield code="a">Kolta Magdolna</subfield>
      <subfield code="4">(szerk.)</subfield>
    </datafield>
    <datafield tag="700" ind1="2" ind2=" ">
      <subfield code="a">Moholy-Nagy, Hattula</subfield>
      <subfield code="4">(közrem.)</subfield>
    </datafield>
    <datafield tag="700" ind1="1" ind2=" ">
      <subfield code="a">Kincses Károly</subfield>
      <subfield code="d">(1954-)</subfield>
      <subfield code="4">(közrem.)</subfield>
    </datafield>
    <datafield tag="830" ind1=" " ind2="2">
      <subfield code="a">A magyar fotográfia történetéből</subfield>
    </datafield>
    <datafield tag="852" ind1=" " ind2=" ">
      <subfield code="a">B1</subfield>
      <subfield code="b">B1</subfield>
      <subfield code="x">137248</subfield>
    </datafield>
    <datafield tag="852" ind1=" " ind2=" ">
      <subfield code="a">D1</subfield>
      <subfield code="b">D1</subfield>
      <subfield code="x">137248</subfield>
    </datafield>
    <datafield tag="852" ind1=" " ind2=" ">
      <subfield code="a">B2</subfield>
      <subfield code="b">B2</subfield>
      <subfield code="x">20299</subfield>
    </datafield>
    <datafield tag="852" ind1=" " ind2=" ">
      <subfield code="a">B10</subfield>
      <subfield code="B">0204</subfield>
      <subfield code="B">0801</subfield>
      <subfield code="B">0801B</subfield>
      <subfield code="B">1803</subfield>
      <subfield code="B">1901</subfield>
      <subfield code="B">1903</subfield>
      <subfield code="B">2002</subfield>
      <subfield code="B">2101</subfield>
      <subfield code="B">2104</subfield>
      <subfield code="B">2301</subfield>
      <subfield code="B">0901</subfield>
      <subfield code="B">1308</subfield>
      <subfield code="B">0404</subfield>
      <subfield code="B">1302</subfield>
      <subfield code="B">0601</subfield>
      <subfield code="B">0703</subfield>
      <subfield code="B">1004</subfield>
      <subfield code="B">1401</subfield>
      <subfield code="B">1402</subfield>
      <subfield code="B">1602</subfield>
      <subfield code="B">1702</subfield>
      <subfield code="B">1704</subfield>
      <subfield code="B">1501</subfield>
      <subfield code="b">1503</subfield>
      <subfield code="x">bibFSZ00093843</subfield>
    </datafield>
    <datafield tag="852" ind1=" " ind2=" ">
      <subfield code="a">M1</subfield>
      <subfield code="b">M1</subfield>
      <subfield code="x">42876</subfield>
    </datafield>
    <datafield tag="852" ind1=" " ind2=" ">
      <subfield code="a">P1</subfield>
      <subfield code="B">P1/M</subfield>
      <subfield code="b">P1/FK</subfield>
      <subfield code="x">bibJPT00116144</subfield>
    </datafield>
    <datafield tag="852" ind1=" " ind2=" ">
      <subfield code="a">B646</subfield>
      <subfield code="b">B646</subfield>
      <subfield code="x">bibMIF00013233</subfield>
    </datafield>
    <datafield tag="852" ind1=" " ind2=" ">
      <subfield code="a">ST1</subfield>
      <subfield code="b">ST1</subfield>
      <subfield code="x">bibBBM111185</subfield>
    </datafield>
  </record>