
  <record>
    <leader>01305nam  2200421 i 4500</leader>
    <controlfield tag="001">MOKKAS0003657015  </controlfield>
    <controlfield tag="005">20091222232722.0</controlfield>
    <controlfield tag="008">960208s1995    hu a            1   hun d</controlfield>
    <datafield tag="020" ind1=" " ind2=" ">
      <subfield code="a">963 8095 2 61 (fűzött)</subfield>
    </datafield>
    <datafield tag="035" ind1=" " ind2=" ">
      <subfield code="a">bibSEF00013605</subfield>
    </datafield>
    <datafield tag="040" ind1=" " ind2=" ">
      <subfield code="a">NYME</subfield>
    </datafield>
    <datafield tag="080" ind1=" " ind2=" ">
      <subfield code="a">7.071Moholy-Nagy L.</subfield>
    </datafield>
    <datafield tag="080" ind1=" " ind2=" ">
      <subfield code="a">77.04(439)Moholy-Nagy L.</subfield>
    </datafield>
    <datafield tag="100" ind1="2" ind2=" ">
      <subfield code="a">Moholy-Nagy László</subfield>
      <subfield code="d">(1895-1946)</subfield>
    </datafield>
    <datafield tag="245" ind1="1" ind2="0">
      <subfield code="a">100 fotó /</subfield>
      <subfield code="c">Moholy-Nagy László</subfield>
    </datafield>
    <datafield tag="260" ind1=" " ind2=" ">
      <subfield code="a">Budapest :</subfield>
      <subfield code="b">Pelikán,</subfield>
      <subfield code="c">1995</subfield>
    </datafield>
    <datafield tag="300" ind1=" " ind2=" ">
      <subfield code="a">173 p. :</subfield>
      <subfield code="b">ill., ff. fotók ;</subfield>
      <subfield code="c">23 cm</subfield>
    </datafield>
    <datafield tag="490" ind1="1" ind2=" ">
      <subfield code="a">(A magyar fotográfia történetéből,</subfield>
      <subfield code="x">1217-1549 ;</subfield>
      <subfield code="v">6.)</subfield>
    </datafield>
    <datafield tag="504" ind1=" " ind2=" ">
      <subfield code="a">Bibliogr.: p. 160-168.</subfield>
    </datafield>
    <datafield tag="600" ind1="2" ind2="4">
      <subfield code="a">Moholy-Nagy László</subfield>
      <subfield code="d">(1895-1946)</subfield>
    </datafield>
    <datafield tag="610" ind1="2" ind2="4">
      <subfield code="a">Magyar Fotográfiai Múzeum (Kecskemét)</subfield>
    </datafield>
    <datafield tag="650" ind1=" " ind2="4">
      <subfield code="a">magyar</subfield>
    </datafield>
    <datafield tag="650" ind1=" " ind2="4">
      <subfield code="a">fotóművészet</subfield>
    </datafield>
    <datafield tag="650" ind1=" " ind2="4">
      <subfield code="a">fotokollázs</subfield>
    </datafield>
    <datafield tag="650" ind1=" " ind2="4">
      <subfield code="a">fotogram</subfield>
    </datafield>
    <datafield tag="650" ind1=" " ind2="4">
      <subfield code="a">1920-1930-as évek</subfield>
    </datafield>
    <datafield tag="650" ind1=" " ind2="4">
      <subfield code="a">kiállítási katalógus</subfield>
    </datafield>
    <datafield tag="695" ind1=" " ind2="4">
      <subfield code="a">magyar</subfield>
    </datafield>
    <datafield tag="695" ind1=" " ind2="4">
      <subfield code="a">fotóművészet</subfield>
    </datafield>
    <datafield tag="695" ind1=" " ind2="4">
      <subfield code="a">fotokollázs</subfield>
    </datafield>
    <datafield tag="695" ind1=" " ind2="4">
      <subfield code="a">fotogram</subfield>
    </datafield>
    <datafield tag="695" ind1=" " ind2="4">
      <subfield code="a">1920-1930-as évek</subfield>
    </datafield>
    <datafield tag="695" ind1=" " ind2="4">
      <subfield code="a">kiállítási katalógus</subfield>
    </datafield>
    <datafield tag="695" ind1=" " ind2=" ">
      <subfield code="a">images</subfield>
    </datafield>
    <datafield tag="710" ind1="2" ind2=" ">
      <subfield code="a">Magyar Fotográfiai Múzeum (Kecskemét)</subfield>
    </datafield>
    <datafield tag="830" ind1=" " ind2="0">
      <subfield code="a">A magyar fotográfia történetéből</subfield>
    </datafield>
    <datafield tag="852" ind1=" " ind2=" ">
      <subfield code="a">S1</subfield>
      <subfield code="b">S1</subfield>
      <subfield code="x">bibSEF00013605</subfield>
    </datafield>
    <datafield tag="852" ind1=" " ind2=" ">
      <subfield code="a">B653</subfield>
      <subfield code="x">bibMKF00006738</subfield>
    </datafield>
  </record>