
  <record>
    <leader>00665nam  2200205 i 4500</leader>
    <controlfield tag="001">MOKKAS0001035543  </controlfield>
    <controlfield tag="005">20051215171754.0</controlfield>
    <controlfield tag="008">050903s1998    hu            00010 hun d</controlfield>
    <datafield tag="020" ind1=" " ind2=" ">
      <subfield code="a">963-85509-6-2 [!963-85509-9-6]</subfield>
    </datafield>
    <datafield tag="035" ind1=" " ind2=" ">
      <subfield code="a">bibBKO00215827</subfield>
    </datafield>
    <datafield tag="040" ind1=" " ind2=" ">
      <subfield code="a">BMK</subfield>
    </datafield>
    <datafield tag="100" ind1="1" ind2=" ">
      <subfield code="a">Gragnic, Stéphane</subfield>
    </datafield>
    <datafield tag="245" ind1="1" ind2="0">
      <subfield code="a">100 francia üzleti levél /</subfield>
      <subfield code="c">Stéphane Gragnic munkája</subfield>
    </datafield>
    <datafield tag="260" ind1=" " ind2=" ">
      <subfield code="a">[Budapest] :</subfield>
      <subfield code="b">Pannonart,</subfield>
      <subfield code="c">1998</subfield>
    </datafield>
    <datafield tag="300" ind1=" " ind2=" ">
      <subfield code="a">160 p. :</subfield>
      <subfield code="b">ill., térk. ;</subfield>
      <subfield code="c">21 cm</subfield>
    </datafield>
    <datafield tag="490" ind1="1" ind2=" ">
      <subfield code="a">(Export-import,</subfield>
      <subfield code="x">1219-0195, Langenscheidt levélminták)</subfield>
    </datafield>
    <datafield tag="650" ind1=" " ind2="4">
      <subfield code="a">üzleti levelezés</subfield>
    </datafield>
    <datafield tag="830" ind1=" " ind2="0">
      <subfield code="a">Export-import</subfield>
    </datafield>
    <datafield tag="830" ind1=" " ind2="0">
      <subfield code="a">Langenscheidt levélminták</subfield>
    </datafield>
    <datafield tag="852" ind1=" " ind2=" ">
      <subfield code="a">BCS1</subfield>
      <subfield code="b">BCS1</subfield>
      <subfield code="x">bibBKO00215827</subfield>
    </datafield>
  </record>