
  <record>
    <leader>00930nam  2200277 i 4500</leader>
    <controlfield tag="001">MOKKAS0001389422  </controlfield>
    <controlfield tag="005">20060113095729.0</controlfield>
    <controlfield tag="008">050903s1998    hu            00010 fre d</controlfield>
    <datafield tag="020" ind1=" " ind2=" ">
      <subfield code="a">963-85509-6-2 [!ISBN 963-85509-9-6] (fűzött) :</subfield>
      <subfield code="c">1680,- Ft</subfield>
    </datafield>
    <datafield tag="035" ind1=" " ind2=" ">
      <subfield code="a">bibVFK00198721</subfield>
    </datafield>
    <datafield tag="040" ind1=" " ind2=" ">
      <subfield code="a">VFMK</subfield>
    </datafield>
    <datafield tag="041" ind1=" " ind2=" ">
      <subfield code="a">hun</subfield>
    </datafield>
    <datafield tag="100" ind1="1" ind2=" ">
      <subfield code="a">Gragnic, Stéphane</subfield>
    </datafield>
    <datafield tag="240" ind1="1" ind2="0">
      <subfield code="a">100 Briefe Französisch</subfield>
    </datafield>
    <datafield tag="245" ind1="1" ind2="0">
      <subfield code="a">100 francia üzleti levél /</subfield>
      <subfield code="c">Stéphane Gragnic munkája ; [ford. Strohmayer Andrea és Nemes Tibor]</subfield>
    </datafield>
    <datafield tag="260" ind1=" " ind2=" ">
      <subfield code="a">[Budapest] :</subfield>
      <subfield code="b">Pannonart,</subfield>
      <subfield code="c">1998</subfield>
    </datafield>
    <datafield tag="300" ind1=" " ind2=" ">
      <subfield code="a">160 p. :</subfield>
      <subfield code="b">ill., térk. ;</subfield>
      <subfield code="c">21 cm</subfield>
    </datafield>
    <datafield tag="490" ind1="1" ind2=" ">
      <subfield code="a">(Export-import,</subfield>
      <subfield code="x">1219-0195, Langenscheidt levélminták)</subfield>
    </datafield>
    <datafield tag="650" ind1=" " ind2="4">
      <subfield code="a">Francia nyelv</subfield>
    </datafield>
    <datafield tag="650" ind1=" " ind2="4">
      <subfield code="a">Üzleti élet</subfield>
    </datafield>
    <datafield tag="650" ind1=" " ind2="4">
      <subfield code="a">Levélminták</subfield>
    </datafield>
    <datafield tag="700" ind1="1" ind2=" ">
      <subfield code="a">Strohmayer Andrea</subfield>
      <subfield code="4">ford.</subfield>
    </datafield>
    <datafield tag="700" ind1="1" ind2=" ">
      <subfield code="a">Nemes Tibor</subfield>
      <subfield code="4">ford.</subfield>
    </datafield>
    <datafield tag="830" ind1=" " ind2="0">
      <subfield code="a">Export-import</subfield>
    </datafield>
    <datafield tag="830" ind1=" " ind2="0">
      <subfield code="a">Langenscheidt levélminták</subfield>
    </datafield>
    <datafield tag="852" ind1=" " ind2=" ">
      <subfield code="a">SZL1</subfield>
      <subfield code="b">SZL1</subfield>
      <subfield code="x">bibVFK00198721</subfield>
    </datafield>
  </record>