
  <record>
    <leader>00926nam  2200277 i 4500</leader>
    <controlfield tag="001">MOKKAS0001272804  </controlfield>
    <controlfield tag="005">20060112183929.0</controlfield>
    <controlfield tag="008">      s1998    hu            00010 fre d</controlfield>
    <datafield tag="020" ind1=" " ind2=" ">
      <subfield code="a">963-85509-9-6* [hibás ISBN 963-85509-6-2] (fűzött) :</subfield>
      <subfield code="c">1680,-Ft</subfield>
    </datafield>
    <datafield tag="035" ind1=" " ind2=" ">
      <subfield code="a">bibRFK00104376</subfield>
    </datafield>
    <datafield tag="040" ind1=" " ind2=" ">
      <subfield code="a">RFMK</subfield>
    </datafield>
    <datafield tag="041" ind1=" " ind2=" ">
      <subfield code="a">frehun</subfield>
    </datafield>
    <datafield tag="100" ind1="1" ind2=" ">
      <subfield code="a">Gragnic, Stéphane</subfield>
    </datafield>
    <datafield tag="240" ind1="1" ind2="0">
      <subfield code="a">100 Briefe Französisch</subfield>
    </datafield>
    <datafield tag="245" ind1="1" ind2="0">
      <subfield code="a">100 francia üzleti levél /</subfield>
      <subfield code="c">Stéphane Gragnic munkája ; [ford. Strohmayer Andrea és Nemes Tibor]</subfield>
    </datafield>
    <datafield tag="260" ind1=" " ind2=" ">
      <subfield code="a">[Budapest] :</subfield>
      <subfield code="b">Pannonart,</subfield>
      <subfield code="c">1998</subfield>
    </datafield>
    <datafield tag="300" ind1=" " ind2=" ">
      <subfield code="a">160 :</subfield>
      <subfield code="b">ill., térk. ;</subfield>
      <subfield code="c">21 cm</subfield>
    </datafield>
    <datafield tag="490" ind1="1" ind2=" ">
      <subfield code="a">(Export-import,</subfield>
      <subfield code="x">1219-0195, Langenscheidt levélminták)</subfield>
    </datafield>
    <datafield tag="500" ind1=" " ind2=" ">
      <subfield code="a">rs</subfield>
    </datafield>
    <datafield tag="650" ind1=" " ind2="4">
      <subfield code="a">francia nyelv</subfield>
    </datafield>
    <datafield tag="650" ind1=" " ind2="4">
      <subfield code="a">üzleti levelezés</subfield>
    </datafield>
    <datafield tag="700" ind1="1" ind2=" ">
      <subfield code="a">Strohmayer Andrea</subfield>
      <subfield code="4">ford.</subfield>
    </datafield>
    <datafield tag="700" ind1="1" ind2=" ">
      <subfield code="a">Nemes Tibor</subfield>
      <subfield code="4">ford.</subfield>
    </datafield>
    <datafield tag="830" ind1=" " ind2="0">
      <subfield code="a">Export-import</subfield>
    </datafield>
    <datafield tag="830" ind1=" " ind2="0">
      <subfield code="a">Langenscheidt levélminták</subfield>
    </datafield>
    <datafield tag="852" ind1=" " ind2=" ">
      <subfield code="a">M2</subfield>
      <subfield code="b">M2</subfield>
      <subfield code="x">bibRFK00104376</subfield>
    </datafield>
  </record>