
  <record>
    <leader>00503nam  2200181 i 4500</leader>
    <controlfield tag="001">MOKKAN0004693324  </controlfield>
    <controlfield tag="005">20070703004105.0</controlfield>
    <controlfield tag="008">960813s1972                 u    j ger d</controlfield>
    <datafield tag="035" ind1=" " ind2=" ">
      <subfield code="a">KÉE40365</subfield>
    </datafield>
    <datafield tag="040" ind1=" " ind2=" ">
      <subfield code="a">BCEEFK</subfield>
    </datafield>
    <datafield tag="041" ind1="0" ind2=" ">
      <subfield code="a">ger</subfield>
    </datafield>
    <datafield tag="100" ind1="1" ind2=" ">
      <subfield code="a">Galjaard, B. J.</subfield>
    </datafield>
    <datafield tag="245" ind1="1" ind2="0">
      <subfield code="a">100 Gartenstaudenin Farbe /</subfield>
      <subfield code="c">B. J. Galjaard</subfield>
    </datafield>
    <datafield tag="260" ind1=" " ind2=" ">
      <subfield code="a">Bern</subfield>
      <subfield code="a">München</subfield>
      <subfield code="a">Wien :</subfield>
      <subfield code="b">BLV Verlagsges.,</subfield>
      <subfield code="c">1972</subfield>
    </datafield>
    <datafield tag="300" ind1=" " ind2=" ">
      <subfield code="a">190, 2 p.</subfield>
    </datafield>
    <datafield tag="650" ind1=" " ind2="4">
      <subfield code="a">Dísznövénytermesztés</subfield>
    </datafield>
    <datafield tag="650" ind1=" " ind2="4">
      <subfield code="a">Évelő növények</subfield>
    </datafield>
    <datafield tag="852" ind1=" " ind2=" ">
      <subfield code="a">B503</subfield>
      <subfield code="b">B503</subfield>
      <subfield code="x">KÉE40365</subfield>
    </datafield>
  </record>