
  <record>
    <leader>01631fam  2200457 i 4500</leader>
    <controlfield tag="001">MOKKAZ0006366338  </controlfield>
    <controlfield tag="005">20090521221147.0</controlfield>
    <controlfield tag="008">980723s1998    hu ac         000 0chun d</controlfield>
    <datafield tag="020" ind1=" " ind2=" ">
      <subfield code="a">963-548-711-8 (kötött)</subfield>
    </datafield>
    <datafield tag="035" ind1=" " ind2=" ">
      <subfield code="a">305358</subfield>
    </datafield>
    <datafield tag="040" ind1=" " ind2=" ">
      <subfield code="a">OSZK</subfield>
    </datafield>
    <datafield tag="041" ind1="1" ind2=" ">
      <subfield code="a">hunhun</subfield>
      <subfield code="h">eng</subfield>
    </datafield>
    <datafield tag="100" ind1="1" ind2=" ">
      <subfield code="a">Klepper, Michael</subfield>
    </datafield>
    <datafield tag="240" ind1="1" ind2="4">
      <subfield code="a">The wealthy 100</subfield>
      <subfield code="l">(magyar)</subfield>
    </datafield>
    <datafield tag="245" ind1="1" ind2="0">
      <subfield code="a">100 gazdag ember /</subfield>
      <subfield code="c">Michael Klepper, Robert Gunther ; [ford. Gellért Marcell]</subfield>
    </datafield>
    <datafield tag="260" ind1=" " ind2=" ">
      <subfield code="a">Budapest :</subfield>
      <subfield code="b">M. Kvklub,</subfield>
      <subfield code="c">1998</subfield>
      <subfield code="e">(Budapest</subfield>
      <subfield code="f">Cad Bt)</subfield>
      <subfield code="e">(Gyula</subfield>
      <subfield code="f">Kner)</subfield>
      <subfield code="f">Dürer)</subfield>
    </datafield>
    <datafield tag="300" ind1=" " ind2=" ">
      <subfield code="a">349 p. :</subfield>
      <subfield code="b">ill. ;</subfield>
      <subfield code="c">25 cm</subfield>
    </datafield>
    <datafield tag="650" ind1=" " ind2="4">
      <subfield code="a">Tőkések és befektetők</subfield>
      <subfield code="z">Egyesült Államok</subfield>
      <subfield code="x">életrajz</subfield>
    </datafield>
    <datafield tag="650" ind1=" " ind2="4">
      <subfield code="a">Milliomosok</subfield>
      <subfield code="z">Egyesült Államok</subfield>
      <subfield code="x">életrajz</subfield>
    </datafield>
    <datafield tag="650" ind1=" " ind2="0">
      <subfield code="a">Millionaires</subfield>
      <subfield code="z">United States</subfield>
      <subfield code="x">Biography.</subfield>
    </datafield>
    <datafield tag="650" ind1=" " ind2="0">
      <subfield code="a">Capitalists and financiers</subfield>
      <subfield code="z">United States</subfield>
      <subfield code="x">Biography.</subfield>
    </datafield>
    <datafield tag="650" ind1=" " ind2="7">
      <subfield code="a">Gazdagok</subfield>
      <subfield code="x">USA</subfield>
      <subfield code="2">szte</subfield>
    </datafield>
    <datafield tag="650" ind1="0" ind2="4">
      <subfield code="a">életrajzok</subfield>
      <subfield code="z">USA</subfield>
    </datafield>
    <datafield tag="650" ind1=" " ind2="4">
      <subfield code="a">Egyesült Államok</subfield>
    </datafield>
    <datafield tag="650" ind1=" " ind2="4">
      <subfield code="a">életrajz</subfield>
    </datafield>
    <datafield tag="650" ind1=" " ind2="4">
      <subfield code="a">gazdagodás</subfield>
    </datafield>
    <datafield tag="650" ind1=" " ind2="4">
      <subfield code="a">szociográfia</subfield>
    </datafield>
    <datafield tag="650" ind1=" " ind2="4">
      <subfield code="a">USA</subfield>
    </datafield>
    <datafield tag="650" ind1=" " ind2="4">
      <subfield code="a">gazdagok - Egyesült Államok</subfield>
    </datafield>
    <datafield tag="650" ind1=" " ind2="4">
      <subfield code="a">Biográfia</subfield>
    </datafield>
    <datafield tag="700" ind1="1" ind2="0">
      <subfield code="a">Gunther, Robert</subfield>
    </datafield>
    <datafield tag="700" ind1="1" ind2=" ">
      <subfield code="a">Gellért Marcell</subfield>
      <subfield code="4">(ford.)</subfield>
    </datafield>
    <datafield tag="730" ind1="4" ind2=" ">
      <subfield code="a">The wealthy 100</subfield>
    </datafield>
    <datafield tag="852" ind1=" " ind2=" ">
      <subfield code="a">B1</subfield>
      <subfield code="b">B1</subfield>
      <subfield code="x">305358</subfield>
    </datafield>
    <datafield tag="852" ind1=" " ind2=" ">
      <subfield code="a">D1</subfield>
      <subfield code="b">D1</subfield>
      <subfield code="x">bibKLT00189539</subfield>
    </datafield>
    <datafield tag="852" ind1=" " ind2=" ">
      <subfield code="a">SZ1</subfield>
      <subfield code="b">SZ1</subfield>
      <subfield code="x">bibJAT00325301</subfield>
    </datafield>
    <datafield tag="852" ind1=" " ind2=" ">
      <subfield code="a">B10</subfield>
      <subfield code="B">0801</subfield>
      <subfield code="B">1801</subfield>
      <subfield code="B">1803</subfield>
      <subfield code="B">1901</subfield>
      <subfield code="B">1903</subfield>
      <subfield code="B">2002</subfield>
      <subfield code="B">2101</subfield>
      <subfield code="B">2103</subfield>
      <subfield code="B">2104</subfield>
      <subfield code="B">2301</subfield>
      <subfield code="B">0901</subfield>
      <subfield code="B">0902</subfield>
      <subfield code="B">1308</subfield>
      <subfield code="B">0404</subfield>
      <subfield code="B">0601</subfield>
      <subfield code="B">1306</subfield>
      <subfield code="B">1105</subfield>
      <subfield code="B">2203</subfield>
      <subfield code="B">1106</subfield>
      <subfield code="B">1201</subfield>
      <subfield code="B">0305</subfield>
      <subfield code="B">1004</subfield>
      <subfield code="b">1501</subfield>
      <subfield code="x">bibFSZ00137522</subfield>
    </datafield>
    <datafield tag="852" ind1=" " ind2=" ">
      <subfield code="a">M1</subfield>
      <subfield code="b">M1</subfield>
      <subfield code="x">76056</subfield>
    </datafield>
    <datafield tag="852" ind1=" " ind2=" ">
      <subfield code="a">G1</subfield>
      <subfield code="b">G1</subfield>
      <subfield code="x">GATE-C00053289</subfield>
    </datafield>
    <datafield tag="852" ind1=" " ind2=" ">
      <subfield code="a">BCS1</subfield>
      <subfield code="b">BCS1</subfield>
      <subfield code="x">bibBKO00219509</subfield>
    </datafield>
    <datafield tag="852" ind1=" " ind2=" ">
      <subfield code="a">B12</subfield>
      <subfield code="b">B12</subfield>
      <subfield code="x">BCEKK332296</subfield>
    </datafield>
  </record>