
  <record>
    <leader>04870nam  2200577 i 4500</leader>
    <controlfield tag="001">MOKKAS0001510550  </controlfield>
    <controlfield tag="005">20090919001304.0</controlfield>
    <controlfield tag="008">050903s1998    hu            00010 hun d</controlfield>
    <datafield tag="020" ind1=" " ind2=" ">
      <subfield code="a">963-548-711-8 (kötött) :</subfield>
      <subfield code="c">1390,- Ft</subfield>
    </datafield>
    <datafield tag="035" ind1=" " ind2=" ">
      <subfield code="a">bibVFK00196735</subfield>
    </datafield>
    <datafield tag="040" ind1=" " ind2=" ">
      <subfield code="a">VFMK</subfield>
    </datafield>
    <datafield tag="080" ind1=" " ind2=" ">
      <subfield code="a">929</subfield>
    </datafield>
    <datafield tag="080" ind1=" " ind2=" ">
      <subfield code="a">308-058.32(73)</subfield>
    </datafield>
    <datafield tag="080" ind1=" " ind2=" ">
      <subfield code="a">323.396(73)</subfield>
    </datafield>
    <datafield tag="100" ind1="1" ind2=" ">
      <subfield code="a">Klepper, Michael</subfield>
    </datafield>
    <datafield tag="240" ind1="1" ind2="4">
      <subfield code="a">The wealthy 100</subfield>
    </datafield>
    <datafield tag="245" ind1="1" ind2="0">
      <subfield code="a">100 gazdag ember /</subfield>
      <subfield code="c">Michael Klepper, Robert Gunther ; [ford. Gellért Marcell]</subfield>
    </datafield>
    <datafield tag="260" ind1=" " ind2=" ">
      <subfield code="a">Budapest :</subfield>
      <subfield code="b">Magyar Könyvklub,</subfield>
      <subfield code="c">1998</subfield>
    </datafield>
    <datafield tag="300" ind1=" " ind2=" ">
      <subfield code="a">349 p. :</subfield>
      <subfield code="b">ill. ;</subfield>
      <subfield code="c">25 cm</subfield>
    </datafield>
    <datafield tag="505" ind1="0" ind2="0">
      <subfield code="g">1.</subfield>
      <subfield code="t">Az olajkirály--</subfield>
      <subfield code="g">2.</subfield>
      <subfield code="t">A vállalkozókapitány--</subfield>
      <subfield code="g">3.</subfield>
      <subfield code="t">Hét furulyától egy szőrme- és ingatlanbirodalomig--</subfield>
      <subfield code="g">4.</subfield>
      <subfield code="t">A hajósinas, aki feljutott a csúcsra--</subfield>
      <subfield code="g">5.</subfield>
      <subfield code="t">Az acélóriás--</subfield>
      <subfield code="g">6.</subfield>
      <subfield code="t">A kereskedőkirály--</subfield>
      <subfield code="g">7.</subfield>
      <subfield code="t">A famágnás--</subfield>
      <subfield code="g">8.</subfield>
      <subfield code="t">A Wall Street-i Mefisztó--</subfield>
      <subfield code="g">9.</subfield>
      <subfield code="t">Az utolsó patrónus--</subfield>
      <subfield code="g">10.</subfield>
      <subfield code="t">Az álomlovag--</subfield>
      <subfield code="g">11.</subfield>
      <subfield code="t">Két kudarcot követően a T-modellel gördült be a siker és a vagyon birodalmába--</subfield>
      <subfield code="g">12.</subfield>
      <subfield code="t">A bankfivérek--</subfield>
      <subfield code="g">13.</subfield>
      <subfield code="t">A Wal-Mart mágusa--</subfield>
      <subfield code="g">14.</subfield>
      <subfield code="t">Az ezüstkirályok--</subfield>
      <subfield code="g">15.</subfield>
      <subfield code="t">A kininkirály--</subfield>
      <subfield code="g">16.</subfield>
      <subfield code="t">A city bankára--</subfield>
      <subfield code="g">17.</subfield>
      <subfield code="t">A tőzsdemanipulátor--</subfield>
      <subfield code="g">18.</subfield>
      <subfield code="t">Évi 40 000 mérföld--</subfield>
      <subfield code="g">19.</subfield>
      <subfield code="t">A postamester--</subfield>
      <subfield code="g">20.</subfield>
      <subfield code="t">A vasútfinanszírozás mágusa--</subfield>
      <subfield code="g">21.</subfield>
      <subfield code="t">A cetolajtól a Standard Oilig--</subfield>
      <subfield code="g">22.</subfield>
      <subfield code="t">Az amerikai történelem leggazdagabb bankára--</subfield>
      <subfield code="g">23.</subfield>
      <subfield code="t">Az ezredes milliói--</subfield>
      <subfield code="g">24.</subfield>
      <subfield code="t">"Viszontlátásra a pokolban"--</subfield>
      <subfield code="g">25.</subfield>
      <subfield code="t">A "nagy kvartett"--</subfield>
      <subfield code="g">26.</subfield>
      <subfield code="t">A siker villamosa--</subfield>
      <subfield code="g">27.</subfield>
      <subfield code="t">A férfi, akit Cincinnati urának hívtak--</subfield>
      <subfield code="g">28.</subfield>
      <subfield code="t">Vagyon sózott sertéshúsból--</subfield>
      <subfield code="g">29.</subfield>
      <subfield code="t">A Microsoft-mogulok--</subfield>
      <subfield code="g">30.</subfield>
      <subfield code="t">Akik összeférceltek egy új iparágat--</subfield>
      <subfield code="g">31.</subfield>
      <subfield code="t">Az olajtestvér--</subfield>
      <subfield code="g">32.</subfield>
      <subfield code="t">A Wall Street-i boszorkány--</subfield>
      <subfield code="g">33.</subfield>
      <subfield code="t">Az északnyugati vasútbirodalom építője--</subfield>
      <subfield code="g">34.</subfield>
      <subfield code="t">Az amerikai világkereskedelem úttörője--</subfield>
      <subfield code="g">35.</subfield>
      <subfield code="t">Az omahai bölcs--</subfield>
      <subfield code="g">36.</subfield>
      <subfield code="t">A legédesebb siker--</subfield>
      <subfield code="g">37.</subfield>
      <subfield code="t">Híd az Atlanti-óceánon--</subfield>
      <subfield code="g">38.</subfield>
      <subfield code="t">A montanai "rézkirály"--</subfield>
      <subfield code="g">39.</subfield>
      <subfield code="t">Az egymillió dolláros mosoly--</subfield>
      <subfield code="g">40.</subfield>
      <subfield code="t">Egy briliáns ékszerész--</subfield>
      <subfield code="g">41.</subfield>
      <subfield code="t">A New York-i villamoskirály--</subfield>
      <subfield code="g">42.</subfield>
      <subfield code="t">Az olajszerencse fia--</subfield>
      <subfield code="g">43.</subfield>
      <subfield code="t">A floridai paradicsom megálmodója--</subfield>
      <subfield code="g">44.</subfield>
      <subfield code="t">A dohánybáró--</subfield>
      <subfield code="g">45.</subfield>
      <subfield code="t">A massachusettsi kalóz--</subfield>
      <subfield code="g">46.</subfield>
      <subfield code="t">A bányász, aki médiabirodalmat alapított--</subfield>
      <subfield code="g">47.</subfield>
      <subfield code="t">A dúsgazdag forradalmár--</subfield>
      <subfield code="g">48.</subfield>
      <subfield code="t">A Baltimore &amp; Ohio vasút tábornoka--</subfield>
      <subfield code="g">49.</subfield>
      <subfield code="t">Akikhez a vagyon postán érkezett--</subfield>
      <subfield code="g">50.</subfield>
      <subfield code="t">A Wall Street-i szfinx--</subfield>
      <subfield code="g">51.</subfield>
      <subfield code="t">Az Egyesült Államok első számú nagybirtokosa--</subfield>
      <subfield code="g">52.</subfield>
      <subfield code="t">A fúzió nagymestere--</subfield>
      <subfield code="g">53.</subfield>
      <subfield code="t">A sörbáró--</subfield>
      <subfield code="g">54.</subfield>
      <subfield code="t">A leveskirály--</subfield>
      <subfield code="g">55.</subfield>
      <subfield code="t">Az álmok őrzője--</subfield>
      <subfield code="g">56.</subfield>
      <subfield code="t">A kötszermilliárdos--</subfield>
      <subfield code="g">57.</subfield>
      <subfield code="t">Az autóipar ikermotorja--</subfield>
      <subfield code="g">58.</subfield>
      <subfield code="t">A második "Rockefeller"--</subfield>
      <subfield code="g">59.</subfield>
      <subfield code="t">Aki másodszor fedezte fel Panamát--</subfield>
      <subfield code="g">60.</subfield>
      <subfield code="t">A baltimore-i városépítő--</subfield>
      <subfield code="g">61.</subfield>
      <subfield code="t">A csúcstechnológia géniusza--</subfield>
      <subfield code="g">62.</subfield>
      <subfield code="t">A revolver atyja--</subfield>
      <subfield code="g">63.</subfield>
      <subfield code="t">A láthatatlan kéz--</subfield>
      <subfield code="g">64.</subfield>
      <subfield code="t">Az úri betyár--</subfield>
      <subfield code="g">65.</subfield>
      <subfield code="t">Az évszázad botrányhősének atyja--</subfield>
      <subfield code="g">66.</subfield>
      <subfield code="t">Aki az aratógépével aratott--</subfield>
      <subfield code="g">67.</subfield>
      <subfield code="t">Az alumíniumcsászár--</subfield>
      <subfield code="g">68.</subfield>
      <subfield code="t">A civil generális--</subfield>
      <subfield code="g">69.</subfield>
      <subfield code="t">A nincstelen bevándorlóból lett sajtómágnás--</subfield>
      <subfield code="g">70.</subfield>
      <subfield code="t">Aki az apja nyomdokaiba lépett--</subfield>
      <subfield code="g">71.</subfield>
      <subfield code="t">A pokol angyala--</subfield>
      <subfield code="g">72.</subfield>
      <subfield code="t">A "filléres" multimilliomos--</subfield>
      <subfield code="g">73.</subfield>
      <subfield code="t">A régi-új New Orleans-i földesúr--</subfield>
      <subfield code="g">74.</subfield>
      <subfield code="t">Az ipari kémkedés atyja--</subfield>
      <subfield code="g">75.</subfield>
      <subfield code="t">Amerika "Rotschildja"--</subfield>
      <subfield code="g">76.</subfield>
      <subfield code="t">Aki nem csak a gazdagságának köszönhette a hírnevét--</subfield>
      <subfield code="g">77.</subfield>
      <subfield code="t">A médiakirály--</subfield>
      <subfield code="g">78.</subfield>
      <subfield code="t">Az "Elnök" kapitánya--</subfield>
      <subfield code="g">79.</subfield>
      <subfield code="t">Az olajspekulánsok királya--</subfield>
      <subfield code="g">80.</subfield>
      <subfield code="t">Az Amway éllovasai--</subfield>
      <subfield code="g">81.</subfield>
      <subfield code="t">A lendkerék Carnegie acélgépezetében--</subfield>
      <subfield code="g">82.</subfield>
      <subfield code="t">A szoftverszamuráj--</subfield>
      <subfield code="g">83.</subfield>
      <subfield code="t">A Szuperbefektető--</subfield>
      <subfield code="g">84.</subfield>
      <subfield code="t">New England leggazdagabb embere--</subfield>
      <subfield code="g">85.</subfield>
      <subfield code="t">A gabonapehely-király--</subfield>
      <subfield code="g">86.</subfield>
      <subfield code="t">A papírtigris--</subfield>
      <subfield code="g">87.</subfield>
      <subfield code="t">Extra íz - extra vagyon--</subfield>
      <subfield code="g">88.</subfield>
      <subfield code="t">A H-P mítosz</subfield>
    </datafield>
    <datafield tag="650" ind1=" " ind2="4">
      <subfield code="a">Életrajzok</subfield>
    </datafield>
    <datafield tag="650" ind1=" " ind2="4">
      <subfield code="a">Kuriózumok</subfield>
    </datafield>
    <datafield tag="650" ind1=" " ind2="4">
      <subfield code="a">gazdag ember</subfield>
    </datafield>
    <datafield tag="650" ind1=" " ind2="4">
      <subfield code="a">életrajz</subfield>
    </datafield>
    <datafield tag="650" ind1=" " ind2="4">
      <subfield code="a">interjú</subfield>
    </datafield>
    <datafield tag="650" ind1=" " ind2="4">
      <subfield code="a">gazdagok</subfield>
    </datafield>
    <datafield tag="650" ind1=" " ind2="7">
      <subfield code="a">Gazdagság ábrázolása</subfield>
      <subfield code="x">életrajz</subfield>
      <subfield code="2">szte</subfield>
    </datafield>
    <datafield tag="650" ind1=" " ind2="7">
      <subfield code="a">Elit</subfield>
      <subfield code="x">pénzügyi</subfield>
      <subfield code="2">szte</subfield>
    </datafield>
    <datafield tag="650" ind1=" " ind2="7">
      <subfield code="a">Karrier</subfield>
      <subfield code="2">szte</subfield>
    </datafield>
    <datafield tag="650" ind1=" " ind2="7">
      <subfield code="a">Fináncoligarchia</subfield>
      <subfield code="x">Egyesült Államok</subfield>
      <subfield code="2">szte</subfield>
    </datafield>
    <datafield tag="650" ind1=" " ind2="4">
      <subfield code="a">gazdagodás</subfield>
    </datafield>
    <datafield tag="650" ind1=" " ind2="4">
      <subfield code="a">szociográfia</subfield>
    </datafield>
    <datafield tag="650" ind1=" " ind2="4">
      <subfield code="a">Amerikai Egyesült Államok</subfield>
    </datafield>
    <datafield tag="650" ind1=" " ind2="4">
      <subfield code="a">Tőkések és befektetők</subfield>
      <subfield code="z">Egyesült Államok</subfield>
      <subfield code="x">életrajz</subfield>
    </datafield>
    <datafield tag="650" ind1=" " ind2="4">
      <subfield code="a">Milliomosok</subfield>
      <subfield code="z">Egyesült Államok</subfield>
      <subfield code="x">életrajz</subfield>
    </datafield>
    <datafield tag="650" ind1=" " ind2="0">
      <subfield code="a">Millionaires</subfield>
      <subfield code="z">United States</subfield>
      <subfield code="x">Biography.</subfield>
    </datafield>
    <datafield tag="650" ind1=" " ind2="0">
      <subfield code="a">Capitalists and financiers</subfield>
      <subfield code="z">United States</subfield>
      <subfield code="x">Biography.</subfield>
    </datafield>
    <datafield tag="650" ind1=" " ind2="4">
      <subfield code="a">gazdaságtörténet</subfield>
    </datafield>
    <datafield tag="650" ind1=" " ind2="4">
      <subfield code="a">18. századtól</subfield>
    </datafield>
    <datafield tag="651" ind1=" " ind2="4">
      <subfield code="a">Egyesült Államok</subfield>
    </datafield>
    <datafield tag="700" ind1="1" ind2=" ">
      <subfield code="a">Gunther, Robert</subfield>
    </datafield>
    <datafield tag="700" ind1="1" ind2=" ">
      <subfield code="a">Gellért Marcell</subfield>
      <subfield code="4">ford.</subfield>
    </datafield>
    <datafield tag="852" ind1=" " ind2=" ">
      <subfield code="a">SZL1</subfield>
      <subfield code="b">SZL1</subfield>
      <subfield code="x">bibVFK00196735</subfield>
    </datafield>
    <datafield tag="852" ind1=" " ind2=" ">
      <subfield code="a">S1</subfield>
      <subfield code="b">S1</subfield>
      <subfield code="x">bibSEF00020066</subfield>
    </datafield>
    <datafield tag="852" ind1=" " ind2=" ">
      <subfield code="a">SZK1</subfield>
      <subfield code="b">SZK1</subfield>
      <subfield code="x">305358</subfield>
    </datafield>
    <datafield tag="852" ind1=" " ind2=" ">
      <subfield code="a">GY1</subfield>
      <subfield code="b">GY1</subfield>
      <subfield code="x">409039</subfield>
    </datafield>
    <datafield tag="852" ind1=" " ind2=" ">
      <subfield code="a">M2</subfield>
      <subfield code="b">M2</subfield>
      <subfield code="x">bibRFK00106400</subfield>
    </datafield>
    <datafield tag="852" ind1=" " ind2=" ">
      <subfield code="a">SZ4</subfield>
      <subfield code="b">SZ4</subfield>
      <subfield code="x">bibSOK00008177</subfield>
    </datafield>
    <datafield tag="852" ind1=" " ind2=" ">
      <subfield code="a">G1</subfield>
      <subfield code="b">G1</subfield>
      <subfield code="x">71408</subfield>
    </datafield>
    <datafield tag="852" ind1=" " ind2=" ">
      <subfield code="a">D1</subfield>
      <subfield code="b">D1</subfield>
      <subfield code="x">bibKLT00189539</subfield>
    </datafield>
    <datafield tag="852" ind1=" " ind2=" ">
      <subfield code="a">B8</subfield>
      <subfield code="b">B8</subfield>
      <subfield code="x">OGYK000019485</subfield>
    </datafield>
  </record>