
  <record>
    <leader>00598nama 22001571i 4500</leader>
    <controlfield tag="001">MOKKAS0000741385  </controlfield>
    <controlfield tag="005">20060616222015.0</controlfield>
    <controlfield tag="008">041105s1978    hu            000 0 hunod</controlfield>
    <datafield tag="035" ind1=" " ind2=" ">
      <subfield code="a">1500457</subfield>
    </datafield>
    <datafield tag="040" ind1=" " ind2=" ">
      <subfield code="a">OSZK</subfield>
    </datafield>
    <datafield tag="041" ind1="0" ind2=" ">
      <subfield code="a">hunhun</subfield>
    </datafield>
    <datafield tag="245" ind1="0" ind2="0">
      <subfield code="a">100 gazdasági kategória : </subfield>
      <subfield code="b">segédanyag a szocializmus politikai gazdaságtan tanulmányozásához /</subfield>
      <subfield code="c">szerk. Paszternák László</subfield>
    </datafield>
    <datafield tag="260" ind1=" " ind2=" ">
      <subfield code="a">Budapest :</subfield>
      <subfield code="b">Szakszervezetek Országos Tanácsa Központi Iskola, Közgazdasági Tanszék,</subfield>
      <subfield code="c">1978</subfield>
    </datafield>
    <datafield tag="300" ind1=" " ind2=" ">
      <subfield code="a">16 p.</subfield>
    </datafield>
    <datafield tag="700" ind1="1" ind2=" ">
      <subfield code="a">Paszternák László</subfield>
      <subfield code="c">(cédulakatalógus alapján)</subfield>
      <subfield code="4">(szerk.)</subfield>
    </datafield>
    <datafield tag="852" ind1=" " ind2=" ">
      <subfield code="a">B1</subfield>
      <subfield code="b">B1</subfield>
      <subfield code="x">1500457</subfield>
    </datafield>
  </record>