
  <record>
    <leader>00689nam  2200217 i 4500</leader>
    <controlfield tag="001">MOKKAZ0003199089  </controlfield>
    <controlfield tag="005">20040909165741.0</controlfield>
    <controlfield tag="008">      s1988    gw            00010 ger d</controlfield>
    <datafield tag="020" ind1=" " ind2=" ">
      <subfield code="a">3 8031 2044 6</subfield>
    </datafield>
    <datafield tag="035" ind1=" " ind2=" ">
      <subfield code="a">bibKLT00021968</subfield>
    </datafield>
    <datafield tag="040" ind1=" " ind2=" ">
      <subfield code="a">DEENK</subfield>
    </datafield>
    <datafield tag="100" ind1="1" ind2=" ">
      <subfield code="a">Fried, Erich</subfield>
      <subfield code="d">(1921-1988)</subfield>
    </datafield>
    <datafield tag="245" ind1="1" ind2="0">
      <subfield code="a">100 Gedichte ohne Vaterland /</subfield>
      <subfield code="c">Erich Fried</subfield>
    </datafield>
    <datafield tag="250" ind1=" " ind2=" ">
      <subfield code="a">Neuausgabe. -</subfield>
    </datafield>
    <datafield tag="260" ind1="0" ind2=" ">
      <subfield code="a">Berlin :</subfield>
      <subfield code="b">Verl. Klaus Wagenbach,</subfield>
      <subfield code="c">1988</subfield>
    </datafield>
    <datafield tag="300" ind1=" " ind2=" ">
      <subfield code="a">126 p. ;</subfield>
      <subfield code="c">19 cm</subfield>
    </datafield>
    <datafield tag="490" ind1="1" ind2=" ">
      <subfield code="a">(Wagenbuch Taschenbücherei : Die Reihe mit dem Karnickel ;</subfield>
      <subfield code="v">44.)</subfield>
    </datafield>
    <datafield tag="695" ind1=" " ind2=" ">
      <subfield code="a">Osztrák irodalom, vers</subfield>
    </datafield>
    <datafield tag="830" ind1=" " ind2="0">
      <subfield code="a">Wagenbuch Taschenbücherei</subfield>
    </datafield>
    <datafield tag="852" ind1=" " ind2=" ">
      <subfield code="a">D1</subfield>
      <subfield code="b">D1/OE</subfield>
      <subfield code="x">bibKLT00021968</subfield>
    </datafield>
    <datafield tag="852" ind1=" " ind2=" ">
      <subfield code="a">P1</subfield>
      <subfield code="b">P1/OB</subfield>
      <subfield code="x">bibJPT00113138</subfield>
    </datafield>
  </record>