
  <record>
    <leader>00649nama 22001931i 4500</leader>
    <controlfield tag="001">MOKKAS0000642245  </controlfield>
    <controlfield tag="005">20060614194355.0</controlfield>
    <controlfield tag="008">041001s1984    yu            000 0 undod</controlfield>
    <datafield tag="035" ind1=" " ind2=" ">
      <subfield code="a">1401129</subfield>
    </datafield>
    <datafield tag="040" ind1=" " ind2=" ">
      <subfield code="a">OSZK</subfield>
    </datafield>
    <datafield tag="041" ind1="0" ind2=" ">
      <subfield code="a">undund</subfield>
    </datafield>
    <datafield tag="100" ind1="1" ind2=" ">
      <subfield code="a">Colic, Dragoljub</subfield>
      <subfield code="c">(cédulakatalógus alapján)</subfield>
    </datafield>
    <datafield tag="245" ind1="1" ind2="0">
      <subfield code="a">100 godina atletskog sporta u Zrenjaninu /</subfield>
      <subfield code="c">Dragoljub Colic, Zoran Markov, Boris Pavlov</subfield>
    </datafield>
    <datafield tag="260" ind1=" " ind2=" ">
      <subfield code="a">Zrenjanin :</subfield>
      <subfield code="b">Štampa "Budućnost",</subfield>
      <subfield code="c">1984</subfield>
    </datafield>
    <datafield tag="300" ind1=" " ind2=" ">
      <subfield code="a">111 p. :</subfield>
      <subfield code="b">ill. ;</subfield>
      <subfield code="c">20 cm</subfield>
    </datafield>
    <datafield tag="651" ind1=" " ind2="4">
      <subfield code="a">Zrenjanin</subfield>
    </datafield>
    <datafield tag="700" ind1="1" ind2="0">
      <subfield code="a">Markov, Zoran</subfield>
      <subfield code="c">(cédulakatalógus alapján)</subfield>
    </datafield>
    <datafield tag="700" ind1="1" ind2="0">
      <subfield code="a">Pavlov, Boris</subfield>
      <subfield code="c">(cédulakatalógus alapján)</subfield>
    </datafield>
    <datafield tag="852" ind1=" " ind2=" ">
      <subfield code="a">B1</subfield>
      <subfield code="b">B1</subfield>
      <subfield code="x">1401129</subfield>
    </datafield>
  </record>