
  <record>
    <leader>00522nama 22001571i 4500</leader>
    <controlfield tag="001">MOKKAS0000599671  </controlfield>
    <controlfield tag="005">20060118012750.0</controlfield>
    <controlfield tag="008">041001s1952    bg            000 0 bulod</controlfield>
    <datafield tag="035" ind1=" " ind2=" ">
      <subfield code="a">1358493</subfield>
    </datafield>
    <datafield tag="040" ind1=" " ind2=" ">
      <subfield code="a">OSZK</subfield>
    </datafield>
    <datafield tag="041" ind1="0" ind2=" ">
      <subfield code="a">bulbul</subfield>
    </datafield>
    <datafield tag="245" ind1="0" ind2="0">
      <subfield code="a">100 godini bålgarska bibliografiâ : </subfield>
      <subfield code="b">1852-1952 : spomenna Knižka /</subfield>
      <subfield code="c">[red. T. Borov] ; [izd.] Bibl. Inst. Elin Pelin</subfield>
    </datafield>
    <datafield tag="260" ind1=" " ind2=" ">
      <subfield code="a">Sofiâ :</subfield>
      <subfield code="b">Nauka i Izkustvo,</subfield>
      <subfield code="c">1952</subfield>
    </datafield>
    <datafield tag="300" ind1=" " ind2=" ">
      <subfield code="a">50 p. ;</subfield>
      <subfield code="c">20 cm</subfield>
    </datafield>
    <datafield tag="700" ind1="1" ind2=" ">
      <subfield code="a">Borov, T.</subfield>
      <subfield code="c">(cédulakatalógus alapján)</subfield>
      <subfield code="4">(szerk.)</subfield>
    </datafield>
    <datafield tag="852" ind1=" " ind2=" ">
      <subfield code="a">B1</subfield>
      <subfield code="b">B1</subfield>
      <subfield code="x">1358493</subfield>
    </datafield>
  </record>