
  <record>
    <leader>00356cam  22001217  4500</leader>
    <controlfield tag="001">MOKKAZ0004368897  </controlfield>
    <controlfield tag="005">20040910063747.0</controlfield>
    <controlfield tag="008">      s1952                        und d</controlfield>
    <datafield tag="035" ind1=" " ind2=" ">
      <subfield code="a">bibFSZ00214929</subfield>
    </datafield>
    <datafield tag="040" ind1=" " ind2=" ">
      <subfield code="a">FSZEK</subfield>
    </datafield>
    <datafield tag="245" ind1="0" ind2="0">
      <subfield code="a">100 godini b'lgarska bibliografiâ 1852-1952 /</subfield>
      <subfield code="c">pod red. T. Borov</subfield>
    </datafield>
    <datafield tag="260" ind1=" " ind2=" ">
      <subfield code="a">[S.l.] :</subfield>
      <subfield code="b">[S.n.],</subfield>
      <subfield code="c">1952</subfield>
    </datafield>
    <datafield tag="852" ind1=" " ind2=" ">
      <subfield code="a">B10</subfield>
      <subfield code="b">0801</subfield>
      <subfield code="x">bibFSZ00214929</subfield>
    </datafield>
  </record>