
  <record>
    <leader>00485nama 22001571i 4500</leader>
    <controlfield tag="001">MOKKAS0000647091  </controlfield>
    <controlfield tag="005">20060614200900.0</controlfield>
    <controlfield tag="008">041001s1956    bg            000 0 bulod</controlfield>
    <datafield tag="035" ind1=" " ind2=" ">
      <subfield code="a">1405988</subfield>
    </datafield>
    <datafield tag="040" ind1=" " ind2=" ">
      <subfield code="a">OSZK</subfield>
    </datafield>
    <datafield tag="041" ind1="0" ind2=" ">
      <subfield code="a">bulbul</subfield>
    </datafield>
    <datafield tag="245" ind1="0" ind2="0">
      <subfield code="a">100 godini Dimitår Blagoev : </subfield>
      <subfield code="b">sbornik statii /</subfield>
      <subfield code="c">[red. Petår Georgiev et al.]</subfield>
    </datafield>
    <datafield tag="260" ind1=" " ind2=" ">
      <subfield code="a">Sofiâ :</subfield>
      <subfield code="b">Izd. na BKP,</subfield>
      <subfield code="c">1956</subfield>
    </datafield>
    <datafield tag="300" ind1=" " ind2=" ">
      <subfield code="a">380 p. ;</subfield>
      <subfield code="c">23 cm</subfield>
    </datafield>
    <datafield tag="700" ind1="1" ind2=" ">
      <subfield code="a">Georgiev, Petår</subfield>
      <subfield code="c">(cédulakatalógus alapján)</subfield>
      <subfield code="4">(szerk.)</subfield>
    </datafield>
    <datafield tag="852" ind1=" " ind2=" ">
      <subfield code="a">B1</subfield>
      <subfield code="b">B1</subfield>
      <subfield code="x">1405988</subfield>
    </datafield>
  </record>