
  <record>
    <leader>00694nam  2200217 i 4500</leader>
    <controlfield tag="001">MOKKAZ0006426047  </controlfield>
    <controlfield tag="005">20040915201918.0</controlfield>
    <controlfield tag="008">961030m19969999yu r           00 0 serod</controlfield>
    <datafield tag="035" ind1=" " ind2=" ">
      <subfield code="a">828464</subfield>
    </datafield>
    <datafield tag="040" ind1=" " ind2=" ">
      <subfield code="a">OSZK</subfield>
    </datafield>
    <datafield tag="041" ind1="0" ind2=" ">
      <subfield code="a">serser</subfield>
    </datafield>
    <datafield tag="072" ind1=" " ind2="1">
      <subfield code="a">y</subfield>
    </datafield>
    <datafield tag="100" ind1="1" ind2=" ">
      <subfield code="a">Vlatkovic, Slavko</subfield>
    </datafield>
    <datafield tag="245" ind1="1" ind2="0">
      <subfield code="a">100 godina Dunavskog parka : </subfield>
      <subfield code="b">1895-1995, Novi Sad /</subfield>
      <subfield code="c">Slavko Vlatkovic, Dobrila Sikoparija ; [ured. Dejan Markovic] ; [aut. fot. Branko Vujkov]</subfield>
    </datafield>
    <datafield tag="260" ind1=" " ind2=" ">
      <subfield code="a">Novi Sad :</subfield>
      <subfield code="b">Gradsko zelenilo,</subfield>
      <subfield code="c">[1996]</subfield>
    </datafield>
    <datafield tag="300" ind1=" " ind2=" ">
      <subfield code="a">16 p. :</subfield>
      <subfield code="b">ill., színes ;</subfield>
      <subfield code="c">28 cm</subfield>
    </datafield>
    <datafield tag="651" ind1=" " ind2="4">
      <subfield code="a">Novi Sad</subfield>
    </datafield>
    <datafield tag="700" ind1="1" ind2="0">
      <subfield code="a">Sikoparija, Dobrila</subfield>
    </datafield>
    <datafield tag="700" ind1="1" ind2=" ">
      <subfield code="a">Markovic, Dejan</subfield>
      <subfield code="4">(szerk.)</subfield>
    </datafield>
    <datafield tag="700" ind1="1" ind2=" ">
      <subfield code="a">Vujkov, Branko</subfield>
      <subfield code="4">(fotó)</subfield>
    </datafield>
    <datafield tag="852" ind1=" " ind2=" ">
      <subfield code="a">B1</subfield>
      <subfield code="b">B1</subfield>
      <subfield code="x">828464</subfield>
    </datafield>
  </record>