
  <record>
    <leader>00581nama 22001691i 4500</leader>
    <controlfield tag="001">MOKKAS0000641550  </controlfield>
    <controlfield tag="005">20060614194027.0</controlfield>
    <controlfield tag="008">041001s1978    bg            000 0 bulod</controlfield>
    <datafield tag="035" ind1=" " ind2=" ">
      <subfield code="a">1400433</subfield>
    </datafield>
    <datafield tag="040" ind1=" " ind2=" ">
      <subfield code="a">OSZK</subfield>
    </datafield>
    <datafield tag="041" ind1="0" ind2=" ">
      <subfield code="a">bulbul</subfield>
    </datafield>
    <datafield tag="245" ind1="0" ind2="0">
      <subfield code="a">100 godini izdatelska dejnost na Narodnata biblioteka "Kiril i Metodij" : </subfield>
      <subfield code="b">bibliografski ukazatel /</subfield>
      <subfield code="c">[såst. Lilâna Taseva]</subfield>
    </datafield>
    <datafield tag="260" ind1=" " ind2=" ">
      <subfield code="a">Sofiâ :</subfield>
      <subfield code="b">Narodna bibl.,</subfield>
      <subfield code="c">1978</subfield>
    </datafield>
    <datafield tag="300" ind1=" " ind2=" ">
      <subfield code="a">167 p. ;</subfield>
      <subfield code="c">21 cm</subfield>
    </datafield>
    <datafield tag="610" ind1="2" ind2="4">
      <subfield code="a">Narodna biblioteka (Sofiâ)</subfield>
    </datafield>
    <datafield tag="700" ind1="1" ind2=" ">
      <subfield code="a">Taseva, Lilâna</subfield>
      <subfield code="c">(cédulakatalógus alapján)</subfield>
      <subfield code="4">(összeáll.)</subfield>
    </datafield>
    <datafield tag="852" ind1=" " ind2=" ">
      <subfield code="a">B1</subfield>
      <subfield code="b">B1</subfield>
      <subfield code="x">1400433</subfield>
    </datafield>
  </record>