
  <record>
    <leader>00510nam  2200169 i 4500</leader>
    <controlfield tag="001">MOKKAS0003550803  </controlfield>
    <controlfield tag="005">20060606061718.0</controlfield>
    <controlfield tag="008">050714s1978                            d</controlfield>
    <datafield tag="035" ind1=" " ind2=" ">
      <subfield code="a">682736</subfield>
    </datafield>
    <datafield tag="040" ind1=" " ind2=" ">
      <subfield code="a">OIK</subfield>
    </datafield>
    <datafield tag="100" ind1="1" ind2=" ">
      <subfield code="a">Taseva, Lilâna Lesova</subfield>
    </datafield>
    <datafield tag="245" ind1="1" ind2="0">
      <subfield code="a">100 godini izdatelska dejnost na Narodnata biblioteka "Kiril i Metodij"</subfield>
    </datafield>
    <datafield tag="260" ind1=" " ind2=" ">
      <subfield code="a">Sofiâ :</subfield>
      <subfield code="b">Narodna Biblioteka "Kiril i Metodij",</subfield>
      <subfield code="c">1978</subfield>
    </datafield>
    <datafield tag="300" ind1=" " ind2=" ">
      <subfield code="a">167 p.</subfield>
    </datafield>
    <datafield tag="500" ind1=" " ind2=" ">
      <subfield code="a">Cirill betűs</subfield>
    </datafield>
    <datafield tag="700" ind1="1" ind2=" ">
      <subfield code="a">Vălčeva, Aneliâ</subfield>
      <subfield code="4">(szerk.)</subfield>
    </datafield>
    <datafield tag="852" ind1=" " ind2=" ">
      <subfield code="a">B14</subfield>
      <subfield code="b">B14</subfield>
      <subfield code="x">682736</subfield>
    </datafield>
  </record>