
  <record>
    <leader>00608nam  2200181   4500</leader>
    <controlfield tag="001">MOKKAZ0004912098  </controlfield>
    <controlfield tag="005">20040910115128.0</controlfield>
    <controlfield tag="008">020402s1993    bu            00010 bul d</controlfield>
    <datafield tag="035" ind1=" " ind2=" ">
      <subfield code="a">bibJPT00198032</subfield>
    </datafield>
    <datafield tag="040" ind1=" " ind2=" ">
      <subfield code="a">PTE</subfield>
    </datafield>
    <datafield tag="245" ind1="0" ind2="0">
      <subfield code="a">100 godini Nacionalen Arheologicsecki Muzej, Sofia 4. III. - 4. IV. 1993 /</subfield>
      <subfield code="c">red. L. Ruseva-Slokoska ; foto Kr. Georgiev</subfield>
    </datafield>
    <datafield tag="260" ind1=" " ind2=" ">
      <subfield code="a">Sofia :</subfield>
      <subfield code="b">Arheologicseski Institut i Muzej,</subfield>
      <subfield code="c">1993</subfield>
    </datafield>
    <datafield tag="300" ind1=" " ind2=" ">
      <subfield code="a">44 p. :</subfield>
      <subfield code="b">ill. ;</subfield>
      <subfield code="c">24 cm</subfield>
    </datafield>
    <datafield tag="695" ind1=" " ind2=" ">
      <subfield code="a">Múzeum, régészeti</subfield>
    </datafield>
    <datafield tag="695" ind1=" " ind2=" ">
      <subfield code="a">Múzeum, bolgár</subfield>
    </datafield>
    <datafield tag="700" ind1="1" ind2=" ">
      <subfield code="a">Ruseva-Slokoska, L.</subfield>
    </datafield>
    <datafield tag="700" ind1="1" ind2=" ">
      <subfield code="a">Georgiev, Kr.</subfield>
    </datafield>
    <datafield tag="852" ind1=" " ind2=" ">
      <subfield code="a">P1</subfield>
      <subfield code="b">P1/TT</subfield>
      <subfield code="x">bibJPT00198032</subfield>
    </datafield>
  </record>