
  <record>
    <leader>00927nama 22002051i 4500</leader>
    <controlfield tag="001">MOKKAS0000674176  </controlfield>
    <controlfield tag="005">20100217142519.0</controlfield>
    <controlfield tag="008">041105s1972    yu            000 0 scrod</controlfield>
    <datafield tag="035" ind1=" " ind2=" ">
      <subfield code="a">1433125</subfield>
    </datafield>
    <datafield tag="040" ind1=" " ind2=" ">
      <subfield code="a">OSZK</subfield>
    </datafield>
    <datafield tag="041" ind1="0" ind2=" ">
      <subfield code="a">scrhunscrhun</subfield>
    </datafield>
    <datafield tag="245" ind1="0" ind2="0">
      <subfield code="a">100 godina obrazovanja učitelja : </subfield>
      <subfield code="b">Subotica - Szabadka 1871-1971 : [kiállítás] : [Szabadka, Városháza, 1972. május 12 - június 10.] /</subfield>
      <subfield code="c">[rend. Pálinkás József, Györe Kornél, Irena Martin] ; [a katalágust összeáll. Torok Sándor] ; [bev. Pálinkás József]</subfield>
    </datafield>
    <datafield tag="246" ind1="1" ind2="1">
      <subfield code="a">A tanítóképzés 100 éva</subfield>
    </datafield>
    <datafield tag="260" ind1=" " ind2=" ">
      <subfield code="a">Subotica :</subfield>
      <subfield code="b">Stamp. Panonija,</subfield>
      <subfield code="c">[1972]</subfield>
    </datafield>
    <datafield tag="300" ind1=" " ind2=" ">
      <subfield code="a">[9] fol. :</subfield>
      <subfield code="b">ill. ;</subfield>
      <subfield code="c">21x22 cm</subfield>
    </datafield>
    <datafield tag="700" ind1="1" ind2=" ">
      <subfield code="a">Pálinkás József</subfield>
      <subfield code="d">(1952-)</subfield>
      <subfield code="c">(atomfizikus)</subfield>
      <subfield code="4">(rend.)</subfield>
    </datafield>
    <datafield tag="700" ind1="1" ind2=" ">
      <subfield code="a">Torok Sándor</subfield>
      <subfield code="c">(cédulakatalógus alapján)</subfield>
      <subfield code="4">(összeáll.)</subfield>
    </datafield>
    <datafield tag="700" ind1="1" ind2=" ">
      <subfield code="a">Irena Martin</subfield>
      <subfield code="c">(cédulakatalógus alapján)</subfield>
      <subfield code="4">(rend.)</subfield>
    </datafield>
    <datafield tag="700" ind1="1" ind2=" ">
      <subfield code="a">Györe Kornél</subfield>
      <subfield code="4">(rend.)</subfield>
    </datafield>
    <datafield tag="852" ind1=" " ind2=" ">
      <subfield code="a">B1</subfield>
      <subfield code="b">B1</subfield>
      <subfield code="x">1433125</subfield>
    </datafield>
  </record>