
  <record>
    <leader>00484nama 22001571i 4500</leader>
    <controlfield tag="001">MOKKAS0000673127  </controlfield>
    <controlfield tag="005">20060118133653.0</controlfield>
    <controlfield tag="008">041105s1971    bg            000 0 bulod</controlfield>
    <datafield tag="035" ind1=" " ind2=" ">
      <subfield code="a">1432076</subfield>
    </datafield>
    <datafield tag="040" ind1=" " ind2=" ">
      <subfield code="a">OSZK</subfield>
    </datafield>
    <datafield tag="041" ind1="0" ind2=" ">
      <subfield code="a">bulbul</subfield>
    </datafield>
    <datafield tag="245" ind1="0" ind2="0">
      <subfield code="a">100 godini ot učredâvaneto na bålgarskata ekzarhiâ /</subfield>
      <subfield code="c">sbornik statii pod red. Kiril Patriarh Bålgarski</subfield>
    </datafield>
    <datafield tag="260" ind1=" " ind2=" ">
      <subfield code="a">Sofiâ :</subfield>
      <subfield code="b">Sinodalno izd.,</subfield>
      <subfield code="c">1971</subfield>
    </datafield>
    <datafield tag="300" ind1=" " ind2=" ">
      <subfield code="a">352 p. ;</subfield>
      <subfield code="c">24 cm</subfield>
    </datafield>
    <datafield tag="504" ind1=" " ind2=" ">
      <subfield code="a">Bibliogr. a jegyzetekben</subfield>
    </datafield>
    <datafield tag="852" ind1=" " ind2=" ">
      <subfield code="a">B1</subfield>
      <subfield code="b">B1</subfield>
      <subfield code="x">1432076</subfield>
    </datafield>
  </record>