
  <record>
    <leader>00469nama 22001571i 4500</leader>
    <controlfield tag="001">MOKKAS0000620036  </controlfield>
    <controlfield tag="005">20060118045348.0</controlfield>
    <controlfield tag="008">041001s1966    bg            000 0 bulod</controlfield>
    <datafield tag="035" ind1=" " ind2=" ">
      <subfield code="a">1378910</subfield>
    </datafield>
    <datafield tag="040" ind1=" " ind2=" ">
      <subfield code="a">OSZK</subfield>
    </datafield>
    <datafield tag="041" ind1="0" ind2=" ">
      <subfield code="a">bulbul</subfield>
    </datafield>
    <datafield tag="245" ind1="0" ind2="0">
      <subfield code="a">100 godini Penčo Slavejkov : </subfield>
      <subfield code="b">ûbileen sbornik /</subfield>
      <subfield code="c">[såstavitel Pantelej Zarev]</subfield>
    </datafield>
    <datafield tag="260" ind1=" " ind2=" ">
      <subfield code="a">[Sofiâ] :</subfield>
      <subfield code="b">ʺNauka i izkustvoʺ,</subfield>
      <subfield code="c">1966</subfield>
    </datafield>
    <datafield tag="300" ind1=" " ind2=" ">
      <subfield code="a">308 p. ;</subfield>
      <subfield code="c">21 cm</subfield>
    </datafield>
    <datafield tag="700" ind1="1" ind2=" ">
      <subfield code="a">Zarev, Pantelej</subfield>
      <subfield code="4">(összeáll.)</subfield>
    </datafield>
    <datafield tag="852" ind1=" " ind2=" ">
      <subfield code="a">B1</subfield>
      <subfield code="b">B1</subfield>
      <subfield code="x">1378910</subfield>
    </datafield>
  </record>