
  <record>
    <leader>00646nama 22001691i 4500</leader>
    <controlfield tag="001">MOKKAS0000630331  </controlfield>
    <controlfield tag="005">20060614183704.0</controlfield>
    <controlfield tag="008">041001s1964    yu            000 0 sccod</controlfield>
    <datafield tag="035" ind1=" " ind2=" ">
      <subfield code="a">1389211</subfield>
    </datafield>
    <datafield tag="040" ind1=" " ind2=" ">
      <subfield code="a">OSZK</subfield>
    </datafield>
    <datafield tag="041" ind1="0" ind2=" ">
      <subfield code="a">sccscc</subfield>
    </datafield>
    <datafield tag="245" ind1="0" ind2="0">
      <subfield code="a">100 godina somborske štampe : </subfield>
      <subfield code="b">izložba : [katalog] : [bibliografija somborske periodike] /</subfield>
      <subfield code="c">[org.] Državni arhiv ; [sastav. Milenko Beljanski] ; [uvod. Boško Bordjoški]</subfield>
    </datafield>
    <datafield tag="260" ind1=" " ind2=" ">
      <subfield code="a">Sombor :</subfield>
      <subfield code="b">Državni arhiv,</subfield>
      <subfield code="c">[1964]</subfield>
    </datafield>
    <datafield tag="300" ind1=" " ind2=" ">
      <subfield code="a">29 p. :</subfield>
      <subfield code="b">ill. ;</subfield>
      <subfield code="c">20 cm</subfield>
    </datafield>
    <datafield tag="700" ind1="1" ind2=" ">
      <subfield code="a">Beljanski, Milenko</subfield>
      <subfield code="4">(összeáll.)</subfield>
    </datafield>
    <datafield tag="700" ind1="1" ind2=" ">
      <subfield code="a">Bordjoški, Boško</subfield>
      <subfield code="c">(cédulakatalógus alapján)</subfield>
      <subfield code="4">(közrem.)</subfield>
    </datafield>
    <datafield tag="852" ind1=" " ind2=" ">
      <subfield code="a">B1</subfield>
      <subfield code="b">B1</subfield>
      <subfield code="x">1389211</subfield>
    </datafield>
  </record>