
  <record>
    <leader>00561nama 22001691i 4500</leader>
    <controlfield tag="001">MOKKAS0000654728  </controlfield>
    <controlfield tag="005">20060614204125.0</controlfield>
    <controlfield tag="008">041105s1961    us            000 0 engod</controlfield>
    <datafield tag="035" ind1=" " ind2=" ">
      <subfield code="a">1413626</subfield>
    </datafield>
    <datafield tag="040" ind1=" " ind2=" ">
      <subfield code="a">OSZK</subfield>
    </datafield>
    <datafield tag="041" ind1="0" ind2=" ">
      <subfield code="a">engeng</subfield>
    </datafield>
    <datafield tag="245" ind1="0" ind2="0">
      <subfield code="a">100 G. P. O. years : </subfield>
      <subfield code="b">1861-1961 : a history of United States public printing /</subfield>
      <subfield code="c">[ed.] James L. Harrison</subfield>
    </datafield>
    <datafield tag="260" ind1=" " ind2=" ">
      <subfield code="a">Washington :</subfield>
      <subfield code="b">G. P. O.,</subfield>
      <subfield code="c">1961</subfield>
    </datafield>
    <datafield tag="300" ind1=" " ind2=" ">
      <subfield code="a">XI, 164 p., 20 t. ;</subfield>
      <subfield code="c">23 cm</subfield>
    </datafield>
    <datafield tag="651" ind1=" " ind2="4">
      <subfield code="a">Egyesült Államok</subfield>
    </datafield>
    <datafield tag="700" ind1="1" ind2=" ">
      <subfield code="a">Harrison, James L.</subfield>
      <subfield code="c">(cédulakatalógus alapján)</subfield>
      <subfield code="4">(közrem.)</subfield>
    </datafield>
    <datafield tag="852" ind1=" " ind2=" ">
      <subfield code="a">B1</subfield>
      <subfield code="b">B1</subfield>
      <subfield code="x">1413626</subfield>
    </datafield>
  </record>