
  <record>
    <leader>00682nam  2200193 i 4500</leader>
    <controlfield tag="001">MOKKAW0005342607  </controlfield>
    <controlfield tag="005">20080410200055.0</controlfield>
    <controlfield tag="008">990828s1992                  000 0 ger d</controlfield>
    <datafield tag="020" ind1=" " ind2=" ">
      <subfield code="a">3-528-05286-4</subfield>
    </datafield>
    <datafield tag="035" ind1=" " ind2=" ">
      <subfield code="a">BMEOMIKK000077039</subfield>
    </datafield>
    <datafield tag="040" ind1=" " ind2=" ">
      <subfield code="a">BMEOMIKK</subfield>
    </datafield>
    <datafield tag="041" ind1="0" ind2=" ">
      <subfield code="a">ger</subfield>
    </datafield>
    <datafield tag="100" ind1="1" ind2=" ">
      <subfield code="a">Hoffmann, Norbert</subfield>
    </datafield>
    <datafield tag="245" ind1="1" ind2="0">
      <subfield code="a">100 Grafik-Rezepte für Turbo Pascal unter Windows : </subfield>
      <subfield code="b">Programmiertips mit Pfiff für Einsteiger und Fortgeschrittene /</subfield>
      <subfield code="c">Norbert Hoffmann</subfield>
    </datafield>
    <datafield tag="246" ind1="1" ind2="3">
      <subfield code="a">Programmiertips mit Pfiff für Einsteiger und Fortgeschrittene</subfield>
    </datafield>
    <datafield tag="260" ind1=" " ind2=" ">
      <subfield code="a">Braunschweig [etc.] :</subfield>
      <subfield code="b">Vieweg,</subfield>
      <subfield code="c">1992</subfield>
    </datafield>
    <datafield tag="300" ind1=" " ind2=" ">
      <subfield code="a">X, 136 p. ;</subfield>
      <subfield code="c">21 cm</subfield>
    </datafield>
    <datafield tag="504" ind1=" " ind2=" ">
      <subfield code="a">Bibliogr.: 131. p.</subfield>
    </datafield>
    <datafield tag="852" ind1=" " ind2=" ">
      <subfield code="a">B11</subfield>
      <subfield code="b">B11</subfield>
      <subfield code="x">BMEOMIKK000077039</subfield>
    </datafield>
  </record>