
  <record>
    <leader>01003nam  22002415  4500</leader>
    <controlfield tag="001">MOKKAW0005766213  </controlfield>
    <controlfield tag="005">20080418104230.0</controlfield>
    <controlfield tag="008">080214s2007    hu a                hun d</controlfield>
    <datafield tag="020" ind1=" " ind2=" ">
      <subfield code="a">978-963-7165-38-2</subfield>
    </datafield>
    <datafield tag="035" ind1=" " ind2=" ">
      <subfield code="a">bibJPT00464824</subfield>
    </datafield>
    <datafield tag="040" ind1=" " ind2=" ">
      <subfield code="a">PTE</subfield>
    </datafield>
    <datafield tag="245" ind1="0" ind2="0">
      <subfield code="a">100 grafika :</subfield>
      <subfield code="b">100 kortárs képzőművész : 100 éves a grafikaoktatás a Magyar Képzőművészeti Egyetemen, 2007. október 3 - november 3. /</subfield>
      <subfield code="c">[szerk.: Somorjai Kiss Tibor] ; [szöveg. Szeifert Judit] ; [fotó:Csomor László, Barta János] ; [terv. Somorjai Kiss Tibor, Berentz Péter]</subfield>
    </datafield>
    <datafield tag="260" ind1=" " ind2=" ">
      <subfield code="a">Budapest :</subfield>
      <subfield code="b">Magyar Képzőművészeti Egyetem,</subfield>
      <subfield code="c">[2007]</subfield>
    </datafield>
    <datafield tag="300" ind1=" " ind2=" ">
      <subfield code="a">108 p. :</subfield>
      <subfield code="b">ill., színes ;</subfield>
      <subfield code="c">29 cm</subfield>
    </datafield>
    <datafield tag="695" ind1=" " ind2=" ">
      <subfield code="a">Grafika, magyar</subfield>
    </datafield>
    <datafield tag="695" ind1=" " ind2=" ">
      <subfield code="a">Kiállítási katalógus</subfield>
    </datafield>
    <datafield tag="700" ind1="2" ind2=" ">
      <subfield code="a">Somorjai Kiss Tibor</subfield>
      <subfield code="d">(1959-)</subfield>
    </datafield>
    <datafield tag="700" ind1="1" ind2=" ">
      <subfield code="a">Szeifert Judit</subfield>
    </datafield>
    <datafield tag="700" ind1="1" ind2=" ">
      <subfield code="a">Csomor László</subfield>
      <subfield code="d">(1944-)</subfield>
    </datafield>
    <datafield tag="700" ind1="1" ind2=" ">
      <subfield code="a">Barta János</subfield>
    </datafield>
    <datafield tag="700" ind1="1" ind2=" ">
      <subfield code="a">Berentz Péter</subfield>
    </datafield>
    <datafield tag="710" ind1="2" ind2=" ">
      <subfield code="a">Magyar Képzőművészeti Egyetem (Budapest)</subfield>
    </datafield>
    <datafield tag="852" ind1=" " ind2=" ">
      <subfield code="a">P1</subfield>
      <subfield code="b">P1/M</subfield>
      <subfield code="x">bibJPT00464824</subfield>
    </datafield>
  </record>