
  <record>
    <leader>00745aam  2200229   4500</leader>
    <controlfield tag="001">MOKKAZ0003955083  </controlfield>
    <controlfield tag="005">20040910013617.0</controlfield>
    <controlfield tag="008">890915 1984    xxk                 eng  </controlfield>
    <datafield tag="020" ind1=" " ind2=" ">
      <subfield code="a">0 86051 301 7</subfield>
    </datafield>
    <datafield tag="035" ind1=" " ind2=" ">
      <subfield code="a">bibJAT00190250</subfield>
    </datafield>
    <datafield tag="040" ind1=" " ind2=" ">
      <subfield code="a">SZTE</subfield>
    </datafield>
    <datafield tag="245" ind1="0" ind2="0">
      <subfield code="a">100 great fantasy short short stories /</subfield>
      <subfield code="c">Ed. by Isaac Asimov, Terry Carr, Martin H. Greenberg</subfield>
    </datafield>
    <datafield tag="260" ind1=" " ind2=" ">
      <subfield code="a">London :</subfield>
      <subfield code="b">Robson Books,</subfield>
      <subfield code="c">1984</subfield>
    </datafield>
    <datafield tag="300" ind1=" " ind2=" ">
      <subfield code="a">XVIII, 311 p. ;</subfield>
      <subfield code="c">20 cm</subfield>
    </datafield>
    <datafield tag="650" ind1=" " ind2="7">
      <subfield code="a">Angol irodalom</subfield>
      <subfield code="x">elbeszélések</subfield>
      <subfield code="x">antológia</subfield>
      <subfield code="2">szte</subfield>
    </datafield>
    <datafield tag="700" ind1="1" ind2=" ">
      <subfield code="a">Asimov, Isaac</subfield>
      <subfield code="d">(1920-1992)</subfield>
    </datafield>
    <datafield tag="700" ind1="1" ind2=" ">
      <subfield code="a">Carr, Terry</subfield>
    </datafield>
    <datafield tag="700" ind1="1" ind2=" ">
      <subfield code="a">Greenberg, Martin Henry</subfield>
    </datafield>
    <datafield tag="852" ind1=" " ind2=" ">
      <subfield code="a">SZ1</subfield>
      <subfield code="b">SZ1</subfield>
      <subfield code="x">bibJAT00190250</subfield>
    </datafield>
    <datafield tag="852" ind1=" " ind2=" ">
      <subfield code="a">B2</subfield>
      <subfield code="b">B2</subfield>
      <subfield code="x">184496</subfield>
    </datafield>
    <datafield tag="852" ind1=" " ind2=" ">
      <subfield code="a">B10</subfield>
      <subfield code="b">B10</subfield>
      <subfield code="x">bibFSZ1213150</subfield>
    </datafield>
    <datafield tag="852" ind1=" " ind2=" ">
      <subfield code="a">SZ4</subfield>
      <subfield code="b">SZ4</subfield>
      <subfield code="x">bibSOK00126807</subfield>
    </datafield>
  </record>