
  <record>
    <leader>00463cam  22001571  4500</leader>
    <controlfield tag="001">MOKKAZ0004337671  </controlfield>
    <controlfield tag="005">20070409024220.0</controlfield>
    <controlfield tag="008">      s1985                        eng d</controlfield>
    <datafield tag="020" ind1=" " ind2=" ">
      <subfield code="a">0-413-55970-X</subfield>
    </datafield>
    <datafield tag="035" ind1=" " ind2=" ">
      <subfield code="a">bibFSZ00183647</subfield>
    </datafield>
    <datafield tag="040" ind1=" " ind2=" ">
      <subfield code="a">FSZEK</subfield>
    </datafield>
    <datafield tag="245" ind1="0" ind2="0">
      <subfield code="a">100 great lives of antiquity /</subfield>
      <subfield code="c">ed. by John Canning</subfield>
    </datafield>
    <datafield tag="260" ind1=" " ind2=" ">
      <subfield code="a">London :</subfield>
      <subfield code="b">Methuen,</subfield>
      <subfield code="c">1985</subfield>
    </datafield>
    <datafield tag="300" ind1=" " ind2=" ">
      <subfield code="a">X, 534 p., [16] t. :</subfield>
      <subfield code="b">ill. ;</subfield>
      <subfield code="c">23 cm</subfield>
    </datafield>
    <datafield tag="700" ind1="1" ind2=" ">
      <subfield code="a">Canning, John</subfield>
      <subfield code="4">szerk.</subfield>
    </datafield>
    <datafield tag="852" ind1=" " ind2=" ">
      <subfield code="a">B10</subfield>
      <subfield code="b">0801</subfield>
      <subfield code="x">bibFSZ00183647</subfield>
    </datafield>
  </record>