
  <record>
    <leader>00506nam  2200169 i 4500</leader>
    <controlfield tag="001">MOKKAZ0003637696  </controlfield>
    <controlfield tag="005">20040909205400.0</controlfield>
    <controlfield tag="008">001122s1986    enk           00010 eng d</controlfield>
    <datafield tag="035" ind1=" " ind2=" ">
      <subfield code="a">bibKLT00278274</subfield>
    </datafield>
    <datafield tag="040" ind1=" " ind2=" ">
      <subfield code="a">DEENK</subfield>
    </datafield>
    <datafield tag="100" ind1="1" ind2=" ">
      <subfield code="a">Conway, Pat</subfield>
    </datafield>
    <datafield tag="245" ind1="1" ind2="0">
      <subfield code="a">100 great Scottish songs :</subfield>
      <subfield code="b">with words and music /</subfield>
      <subfield code="c">presented Pat Conway</subfield>
    </datafield>
    <datafield tag="260" ind1=" " ind2=" ">
      <subfield code="a">Dublin, Ireland :</subfield>
      <subfield code="b">Waltons, Mnf. Ltd.,</subfield>
      <subfield code="c">[1986]</subfield>
    </datafield>
    <datafield tag="300" ind1=" " ind2=" ">
      <subfield code="a">112 p. :</subfield>
      <subfield code="b">ill</subfield>
    </datafield>
    <datafield tag="650" ind1=" " ind2="4">
      <subfield code="a">Dalok, skót</subfield>
    </datafield>
    <datafield tag="650" ind1=" " ind2="0">
      <subfield code="a">Songs, Scottish.</subfield>
    </datafield>
    <datafield tag="852" ind1=" " ind2=" ">
      <subfield code="a">D1</subfield>
      <subfield code="b">D1/91</subfield>
      <subfield code="x">bibKLT00278274</subfield>
    </datafield>
  </record>