
  <record>
    <leader>00887fam  2200253 i 4500</leader>
    <controlfield tag="001">MOKKAZ0006317091  </controlfield>
    <controlfield tag="005">20040915191117.0</controlfield>
    <controlfield tag="008">940712s1994    hu r          000 0 hun d</controlfield>
    <datafield tag="020" ind1=" " ind2=" ">
      <subfield code="a">963-8308-15-X (fűzött) :</subfield>
      <subfield code="c">268,- Ft(+10%)</subfield>
    </datafield>
    <datafield tag="035" ind1=" " ind2=" ">
      <subfield code="a">83785</subfield>
    </datafield>
    <datafield tag="040" ind1=" " ind2=" ">
      <subfield code="a">OSZK</subfield>
    </datafield>
    <datafield tag="041" ind1="1" ind2=" ">
      <subfield code="a">hunhun</subfield>
      <subfield code="h">fre</subfield>
    </datafield>
    <datafield tag="100" ind1="1" ind2=" ">
      <subfield code="a">Hachet, Sophie</subfield>
    </datafield>
    <datafield tag="240" ind1="1" ind2="0">
      <subfield code="a">100 recettes de cuisine rapide</subfield>
      <subfield code="l">(magyar)</subfield>
    </datafield>
    <datafield tag="245" ind1="1" ind2="0">
      <subfield code="a">100 gyors recept /</subfield>
      <subfield code="c">Sophie Hachet</subfield>
    </datafield>
    <datafield tag="260" ind1=" " ind2=" ">
      <subfield code="a">Budapest :</subfield>
      <subfield code="b">Delta 2000,</subfield>
      <subfield code="c">1994</subfield>
      <subfield code="e">([Budapest]</subfield>
      <subfield code="f">Tokai G.)</subfield>
      <subfield code="e">([Franciaország]</subfield>
      <subfield code="f">C.E.E.)</subfield>
    </datafield>
    <datafield tag="300" ind1=" " ind2=" ">
      <subfield code="a">93, [2] p. :</subfield>
      <subfield code="b">ill., színes ;</subfield>
      <subfield code="c">22 cm</subfield>
    </datafield>
    <datafield tag="650" ind1=" " ind2="4">
      <subfield code="a">Szakácskönyv</subfield>
    </datafield>
    <datafield tag="700" ind1="1" ind2=" ">
      <subfield code="a">Balla Katalin</subfield>
      <subfield code="4">(ford.)</subfield>
    </datafield>
    <datafield tag="700" ind1="1" ind2=" ">
      <subfield code="a">Syren, Jean-Luc</subfield>
      <subfield code="4">(fotó)</subfield>
    </datafield>
    <datafield tag="852" ind1=" " ind2=" ">
      <subfield code="a">B1</subfield>
      <subfield code="b">B1</subfield>
      <subfield code="x">83785</subfield>
    </datafield>
    <datafield tag="852" ind1=" " ind2=" ">
      <subfield code="a">B10</subfield>
      <subfield code="B">2002</subfield>
      <subfield code="B">0901</subfield>
      <subfield code="B">0703</subfield>
      <subfield code="B">1004</subfield>
      <subfield code="B">1003</subfield>
      <subfield code="B">0101</subfield>
      <subfield code="B">1106</subfield>
      <subfield code="B">1105</subfield>
      <subfield code="B">1201</subfield>
      <subfield code="B">2203</subfield>
      <subfield code="b">2201</subfield>
      <subfield code="x">bibFSZ00091915</subfield>
    </datafield>
    <datafield tag="852" ind1=" " ind2=" ">
      <subfield code="a">BCS1</subfield>
      <subfield code="b">BCS1</subfield>
      <subfield code="x">bibBKO00191016</subfield>
    </datafield>
    <datafield tag="852" ind1=" " ind2=" ">
      <subfield code="a">SZL1</subfield>
      <subfield code="b">SZL1</subfield>
      <subfield code="x">bibVFK00114458</subfield>
    </datafield>
  </record>