
  <record>
    <leader>00369njm  2200133 i 4500</leader>
    <controlfield tag="001">MOKKAN0004603335  </controlfield>
    <controlfield tag="005">20070503105351.0</controlfield>
    <controlfield tag="008">010330s1994                            d</controlfield>
    <datafield tag="035" ind1=" " ind2=" ">
      <subfield code="a">150162916</subfield>
    </datafield>
    <datafield tag="040" ind1=" " ind2=" ">
      <subfield code="a">BDK</subfield>
    </datafield>
    <datafield tag="100" ind1="0" ind2=" ">
      <subfield code="a">Jackie Orszáczky</subfield>
    </datafield>
    <datafield tag="245" ind1="0" ind2="0">
      <subfield code="a">100 % [hangdok.] /</subfield>
      <subfield code="c">Jackie Orszáczky</subfield>
    </datafield>
    <datafield tag="260" ind1=" " ind2=" ">
      <subfield code="a">[Budapest] :</subfield>
      <subfield code="b">Hungaroton-Gong,</subfield>
      <subfield code="c">cop. 1994</subfield>
    </datafield>
    <datafield tag="852" ind1=" " ind2=" ">
      <subfield code="a">SZO1</subfield>
      <subfield code="b">SZO1</subfield>
      <subfield code="x">150162916</subfield>
    </datafield>
  </record>