
  <record>
    <leader>01134njm  2200229   4500</leader>
    <controlfield tag="001">MOKKAW0005185808  </controlfield>
    <controlfield tag="005">20080417141515.0</controlfield>
    <controlfield tag="008">070726s2007                        hun d</controlfield>
    <datafield tag="028" ind1=" " ind2=" ">
      <subfield code="a">HMRDD 066</subfield>
    </datafield>
    <datafield tag="035" ind1=" " ind2=" ">
      <subfield code="a">bibFSZ01369108</subfield>
    </datafield>
    <datafield tag="040" ind1=" " ind2=" ">
      <subfield code="a">FSZEK</subfield>
    </datafield>
    <datafield tag="110" ind1="2" ind2=" ">
      <subfield code="a">Hard</subfield>
    </datafield>
    <datafield tag="245" ind1="1" ind2="0">
      <subfield code="a">100% hard</subfield>
      <subfield code="h">[Hangfelvétel + DVD felvétel] /</subfield>
      <subfield code="c">Hard</subfield>
    </datafield>
    <datafield tag="260" ind1=" " ind2=" ">
      <subfield code="a">Budapest :</subfield>
      <subfield code="b">Hammer Records,</subfield>
      <subfield code="c">cop. 2007</subfield>
    </datafield>
    <datafield tag="300" ind1=" " ind2=" ">
      <subfield code="a">1 CD ;</subfield>
      <subfield code="c">12 cm +</subfield>
      <subfield code="e">1 füz.</subfield>
    </datafield>
    <datafield tag="300" ind1=" " ind2=" ">
      <subfield code="a">(59 min 56 s ; 81 min 34 s)</subfield>
    </datafield>
    <datafield tag="500" ind1=" " ind2=" ">
      <subfield code="a">A lemez mindkét oldala lejátszható</subfield>
    </datafield>
    <datafield tag="500" ind1=" " ind2=" ">
      <subfield code="a">A második oldalon DVD melléklet található</subfield>
    </datafield>
    <datafield tag="505" ind1="0" ind2="0">
      <subfield code="g">CD,</subfield>
      <subfield code="t">100% hard:</subfield>
      <subfield code="t">100% hard ;</subfield>
      <subfield code="t">Hard rock szerelem ;</subfield>
      <subfield code="t">Soha nem elég ;</subfield>
      <subfield code="t">Igaz lesz még ;</subfield>
      <subfield code="t">Szavazz a mára ;</subfield>
      <subfield code="t">Vad vágyaim űznek ;</subfield>
      <subfield code="t">Keresem a bajt ;</subfield>
      <subfield code="t">Forevör ;</subfield>
      <subfield code="t">Kísértés ;</subfield>
      <subfield code="t">Dzsungel ;</subfield>
      <subfield code="t">Lennék én a híd +</subfield>
      <subfield code="g">DVD,</subfield>
      <subfield code="t">II. Hard találkozó, Wigvam 2007. 01. 20.:</subfield>
      <subfield code="t">Égi jel ;</subfield>
      <subfield code="t">Lázad a vér ;</subfield>
      <subfield code="t">A vonat ;</subfield>
      <subfield code="t">Halálkanyar ;</subfield>
      <subfield code="t">Ahogyan élsz ;</subfield>
      <subfield code="t">Égni kell ;</subfield>
      <subfield code="t">Itt a helyem ;</subfield>
      <subfield code="t">Hazafelé ne állj meg soha ;</subfield>
      <subfield code="t">Forma 1 ;</subfield>
      <subfield code="t">Gyere őrült ;</subfield>
      <subfield code="t">Két szív ;</subfield>
      <subfield code="t">Én vagyok a rock ;</subfield>
      <subfield code="t">Rázd meg!</subfield>
    </datafield>
    <datafield tag="695" ind1=" " ind2="1">
      <subfield code="a">hard rock</subfield>
    </datafield>
    <datafield tag="695" ind1=" " ind2="1">
      <subfield code="a">DVD</subfield>
    </datafield>
    <datafield tag="852" ind1=" " ind2=" ">
      <subfield code="a">B10</subfield>
      <subfield code="b">1308</subfield>
      <subfield code="x">bibFSZ01369108</subfield>
    </datafield>
  </record>