
  <record>
    <leader>01702nam  2200409   4500</leader>
    <controlfield tag="001">MOKKAZ0004747783  </controlfield>
    <controlfield tag="005">20040910095937.0</controlfield>
    <controlfield tag="008">020902s2003                        hun d</controlfield>
    <datafield tag="020" ind1=" " ind2=" ">
      <subfield code="a">963-368-519-2 (fűzött) :</subfield>
      <subfield code="c">2093,-Ft</subfield>
    </datafield>
    <datafield tag="035" ind1=" " ind2=" ">
      <subfield code="a">bibFSZ944637</subfield>
    </datafield>
    <datafield tag="040" ind1=" " ind2=" ">
      <subfield code="a">FSZEK</subfield>
    </datafield>
    <datafield tag="041" ind1=" " ind2=" ">
      <subfield code="a">hun</subfield>
    </datafield>
    <datafield tag="100" ind1="1" ind2=" ">
      <subfield code="a">Weston, Tamsin</subfield>
    </datafield>
    <datafield tag="245" ind1="1" ind2="0">
      <subfield code="a">100 hasznos ötlet a fürdőszobához :</subfield>
      <subfield code="b">[egy nap alatt elkészíthető fürdőszoba-felszerelések, gyors dekorációs megoldások, hasznos ötletek tárháza, stílusvariációk] /</subfield>
      <subfield code="c">Tamsin Weston ; [ford. Leyrer Ginda]</subfield>
    </datafield>
    <datafield tag="246" ind1=" " ind2="4">
      <subfield code="a">100 hasznos ötlet: fürdőszobák</subfield>
    </datafield>
    <datafield tag="246" ind1=" " ind2="8">
      <subfield code="a">100 hasznos ötlet: fürdőszobák</subfield>
    </datafield>
    <datafield tag="260" ind1=" " ind2=" ">
      <subfield code="a">Pécs :</subfield>
      <subfield code="b">Alexandra,</subfield>
      <subfield code="c">[2003]</subfield>
    </datafield>
    <datafield tag="300" ind1=" " ind2=" ">
      <subfield code="a">128 p. :</subfield>
      <subfield code="b">ill. ;</subfield>
      <subfield code="c">26 cm</subfield>
    </datafield>
    <datafield tag="500" ind1=" " ind2=" ">
      <subfield code="a">Borító- és gerinccím: 100 hasznos ötlet: fürdőszobák</subfield>
    </datafield>
    <datafield tag="650" ind1=" " ind2="4">
      <subfield code="a">fürdőszoba</subfield>
    </datafield>
    <datafield tag="650" ind1=" " ind2="4">
      <subfield code="a">lakberendezés</subfield>
    </datafield>
    <datafield tag="650" ind1=" " ind2="4">
      <subfield code="a">lakberendezés - fürdőszoba</subfield>
    </datafield>
    <datafield tag="650" ind1=" " ind2="4">
      <subfield code="a">fürdőszoba - lakberendezés</subfield>
    </datafield>
    <datafield tag="650" ind1=" " ind2="4">
      <subfield code="a">Fürdőszobák</subfield>
    </datafield>
    <datafield tag="650" ind1=" " ind2="4">
      <subfield code="a">Fürdőszoba-berendezések</subfield>
    </datafield>
    <datafield tag="650" ind1=" " ind2="7">
      <subfield code="a">Lakberendezés</subfield>
      <subfield code="2">szte</subfield>
    </datafield>
    <datafield tag="650" ind1=" " ind2="7">
      <subfield code="a">Lakásművészet</subfield>
      <subfield code="2">szte</subfield>
    </datafield>
    <datafield tag="650" ind1=" " ind2="7">
      <subfield code="a">Barkácsolás</subfield>
      <subfield code="x">díszítési cikk</subfield>
      <subfield code="2">szte</subfield>
    </datafield>
    <datafield tag="680" ind1=" " ind2="0">
      <subfield code="a">fürdőszoba, toalett / lakberendezés</subfield>
      <subfield code="a">toalett, fürdőszoba / lakberendezés</subfield>
    </datafield>
    <datafield tag="700" ind1="1" ind2=" ">
      <subfield code="a">Leyrer Ginda</subfield>
      <subfield code="4">ford.</subfield>
    </datafield>
    <datafield tag="852" ind1=" " ind2=" ">
      <subfield code="a">B10</subfield>
      <subfield code="B">0901</subfield>
      <subfield code="B">1803</subfield>
      <subfield code="B">1901</subfield>
      <subfield code="B">2002</subfield>
      <subfield code="B">2101</subfield>
      <subfield code="B">0702</subfield>
      <subfield code="B">1503</subfield>
      <subfield code="B">0801</subfield>
      <subfield code="B">0204</subfield>
      <subfield code="B">0305</subfield>
      <subfield code="B">1105</subfield>
      <subfield code="B">0401</subfield>
      <subfield code="B">0502</subfield>
      <subfield code="B">0703</subfield>
      <subfield code="B">1302</subfield>
      <subfield code="B">1004</subfield>
      <subfield code="b">1504</subfield>
      <subfield code="x">bibFSZ944637</subfield>
    </datafield>
    <datafield tag="852" ind1=" " ind2=" ">
      <subfield code="a">GY1</subfield>
      <subfield code="b">GY1</subfield>
      <subfield code="x">637564</subfield>
    </datafield>
    <datafield tag="852" ind1=" " ind2=" ">
      <subfield code="a">BCS1</subfield>
      <subfield code="b">BCS1/SZKI</subfield>
      <subfield code="b">BCS1/EFAL</subfield>
      <subfield code="b">BCS1/GESZ</subfield>
      <subfield code="b">BCS1</subfield>
      <subfield code="b">BCS1/KETS</subfield>
      <subfield code="x">bibBKO00261869</subfield>
    </datafield>
    <datafield tag="852" ind1=" " ind2=" ">
      <subfield code="a">SZO1</subfield>
      <subfield code="b">SZO1</subfield>
      <subfield code="x">150377618</subfield>
    </datafield>
    <datafield tag="852" ind1=" " ind2=" ">
      <subfield code="a">B11</subfield>
      <subfield code="b">B11</subfield>
      <subfield code="x">BMEOMIKK000452674</subfield>
    </datafield>
    <datafield tag="852" ind1=" " ind2=" ">
      <subfield code="a">SZL1</subfield>
      <subfield code="b">SZL1</subfield>
      <subfield code="x">bibVFK00254312</subfield>
    </datafield>
    <datafield tag="852" ind1=" " ind2=" ">
      <subfield code="a">SZ4</subfield>
      <subfield code="b">SZ4</subfield>
      <subfield code="x">bibFSZ944637</subfield>
    </datafield>
  </record>