
  <record>
    <leader>00799njm  2200205   4500</leader>
    <controlfield tag="001">MOKKAZ0004745422  </controlfield>
    <controlfield tag="005">20040910095814.0</controlfield>
    <controlfield tag="008">991029s1984                        und d</controlfield>
    <datafield tag="028" ind1=" " ind2=" ">
      <subfield code="a">7243 5 38329 2 6</subfield>
    </datafield>
    <datafield tag="035" ind1=" " ind2=" ">
      <subfield code="a">bibFSZ934007</subfield>
    </datafield>
    <datafield tag="040" ind1=" " ind2=" ">
      <subfield code="a">FSZEK</subfield>
    </datafield>
    <datafield tag="100" ind1="1" ind2=" ">
      <subfield code="a">Petrucciani, Michel</subfield>
      <subfield code="d">(1962-1999)</subfield>
      <subfield code="c">(jazz-zongorista)</subfield>
    </datafield>
    <datafield tag="245" ind1="1" ind2="0">
      <subfield code="a">100 hearts</subfield>
      <subfield code="h">[Hangfelvétel] /</subfield>
      <subfield code="c">Michel Petrucciani</subfield>
    </datafield>
    <datafield tag="260" ind1=" " ind2=" ">
      <subfield code="a">[New York] :</subfield>
      <subfield code="b">Capitol Records,</subfield>
      <subfield code="c">cop. 1984</subfield>
    </datafield>
    <datafield tag="300" ind1=" " ind2=" ">
      <subfield code="a">1 CD (53 min 44 s) ;</subfield>
      <subfield code="c">12 cm +</subfield>
      <subfield code="e">1 füz.</subfield>
    </datafield>
    <datafield tag="490" ind1="1" ind2=" ">
      <subfield code="a">(Blue note)</subfield>
    </datafield>
    <datafield tag="505" ind1="0" ind2="0">
      <subfield code="t">Turn around ;</subfield>
      <subfield code="t">Three forgotton magic words ;</subfield>
      <subfield code="t">Silence ;</subfield>
      <subfield code="t">St. Thomas ;</subfield>
      <subfield code="t">Pot pouri (medley): Someday my prince will come, All the things you are, A child is born, Very early ;</subfield>
      <subfield code="t">100 hearts</subfield>
    </datafield>
    <datafield tag="695" ind1=" " ind2="1">
      <subfield code="a">jazz</subfield>
    </datafield>
    <datafield tag="830" ind1=" " ind2="0">
      <subfield code="a">Blue note</subfield>
    </datafield>
    <datafield tag="852" ind1=" " ind2=" ">
      <subfield code="a">B10</subfield>
      <subfield code="B">0601</subfield>
      <subfield code="B">0502</subfield>
      <subfield code="b">0801</subfield>
      <subfield code="x">bibFSZ934007</subfield>
    </datafield>
  </record>