
  <record>
    <leader>00760njm  2200193   4500</leader>
    <controlfield tag="001">MOKKAS0002270171  </controlfield>
    <controlfield tag="005">20060618021214.0</controlfield>
    <controlfield tag="008">991009 1984    us   nn          1  eng  </controlfield>
    <datafield tag="028" ind1=" " ind2=" ">
      <subfield code="a">7243 5 38329 2</subfield>
      <subfield code="b">Blue Note</subfield>
    </datafield>
    <datafield tag="035" ind1=" " ind2=" ">
      <subfield code="a">bibSOK00143199</subfield>
    </datafield>
    <datafield tag="040" ind1=" " ind2=" ">
      <subfield code="a">SK</subfield>
    </datafield>
    <datafield tag="100" ind1="1" ind2=" ">
      <subfield code="a">Petrucciani, Michel</subfield>
      <subfield code="d">(1962-1999)</subfield>
    </datafield>
    <datafield tag="245" ind1="1" ind2="0">
      <subfield code="a">100 hearts</subfield>
      <subfield code="h">[Hgf.] /</subfield>
      <subfield code="c">Michel Petrucciani</subfield>
    </datafield>
    <datafield tag="260" ind1=" " ind2=" ">
      <subfield code="a">[New York] :</subfield>
      <subfield code="b">Blue Note,</subfield>
      <subfield code="c">[1984]</subfield>
    </datafield>
    <datafield tag="300" ind1=" " ind2=" ">
      <subfield code="a">1 CD :</subfield>
      <subfield code="b">sztereó ;</subfield>
      <subfield code="c">12 cm +</subfield>
      <subfield code="e">mell.</subfield>
    </datafield>
    <datafield tag="505" ind1="0" ind2="0">
      <subfield code="g">1.</subfield>
      <subfield code="t">Turn around. -</subfield>
      <subfield code="g">2.</subfield>
      <subfield code="t">Three forgotton magic words. -</subfield>
      <subfield code="g">3.</subfield>
      <subfield code="t">Silence. -</subfield>
      <subfield code="g">4.</subfield>
      <subfield code="t">St. Thomas. -</subfield>
      <subfield code="g">5.</subfield>
      <subfield code="t">Pot pouri : Someday my prince will come : All the things you are : A child is born : Very early. -</subfield>
      <subfield code="g">6.</subfield>
      <subfield code="t">100 hearts</subfield>
    </datafield>
    <datafield tag="511" ind1="2" ind2=" ">
      <subfield code="a">Michel Petrucciani</subfield>
    </datafield>
    <datafield tag="695" ind1=" " ind2=" ">
      <subfield code="a">Jazz</subfield>
    </datafield>
    <datafield tag="852" ind1=" " ind2=" ">
      <subfield code="a">SZ4</subfield>
      <subfield code="b">SZ4</subfield>
      <subfield code="x">bibSOK00143199</subfield>
    </datafield>
  </record>