
  <record>
    <leader>00515njm  2200193 i 4500</leader>
    <controlfield tag="001">MOKKAS0003642761  </controlfield>
    <controlfield tag="005">20060606200855.0</controlfield>
    <controlfield tag="008">050717s1984                            d</controlfield>
    <datafield tag="028" ind1="0" ind2=" ">
      <subfield code="b">5383292</subfield>
    </datafield>
    <datafield tag="035" ind1=" " ind2=" ">
      <subfield code="a">969070</subfield>
    </datafield>
    <datafield tag="040" ind1=" " ind2=" ">
      <subfield code="a">OIK</subfield>
    </datafield>
    <datafield tag="041" ind1="0" ind2=" ">
      <subfield code="g">eng</subfield>
    </datafield>
    <datafield tag="245" ind1="1" ind2="0">
      <subfield code="a">100 hearts</subfield>
      <subfield code="h">Hgf. /</subfield>
      <subfield code="c">Michel Petrucciani [piano]</subfield>
    </datafield>
    <datafield tag="260" ind1=" " ind2=" ">
      <subfield code="a">[S.l.] :</subfield>
      <subfield code="b">Blue Note,</subfield>
      <subfield code="c">1984</subfield>
    </datafield>
    <datafield tag="300" ind1=" " ind2=" ">
      <subfield code="a">CD (53 min 46 s) :</subfield>
      <subfield code="b">sztereó ;</subfield>
      <subfield code="c">12 cm + mell.</subfield>
    </datafield>
    <datafield tag="650" ind1=" " ind2="4">
      <subfield code="a">JAZZ</subfield>
    </datafield>
    <datafield tag="650" ind1=" " ind2="4">
      <subfield code="a">ZONGORA</subfield>
    </datafield>
    <datafield tag="700" ind1="1" ind2=" ">
      <subfield code="a">Petrucciani, Michel</subfield>
      <subfield code="4">(zg.)</subfield>
    </datafield>
    <datafield tag="852" ind1=" " ind2=" ">
      <subfield code="a">B14</subfield>
      <subfield code="b">B14</subfield>
      <subfield code="x">969070</subfield>
    </datafield>
  </record>