
  <record>
    <leader>00826aam  2200229 i 4500</leader>
    <controlfield tag="001">MOKKAZ0006227470  </controlfield>
    <controlfield tag="005">20100902104314.0</controlfield>
    <controlfield tag="008">940509t19771977hu c          000 0brus d</controlfield>
    <datafield tag="020" ind1=" " ind2=" ">
      <subfield code="a">78 01449 2* (fűzetlen)</subfield>
    </datafield>
    <datafield tag="035" ind1=" " ind2=" ">
      <subfield code="a">494804</subfield>
    </datafield>
    <datafield tag="040" ind1=" " ind2=" ">
      <subfield code="a">OSZK</subfield>
    </datafield>
    <datafield tag="041" ind1="0" ind2=" ">
      <subfield code="a">rusrus</subfield>
    </datafield>
    <datafield tag="245" ind1="1" ind2="0">
      <subfield code="a">100 /</subfield>
      <subfield code="c">[otvetstvennyj Laslo Gernadi] ; [izdatel' Obscestvo vengero-sovetskoj druzhby]</subfield>
    </datafield>
    <datafield tag="260" ind1=" " ind2=" ">
      <subfield code="a">[Budapest] :</subfield>
      <subfield code="b">Obscestvo vengero-sovetskoj druzhby,</subfield>
      <subfield code="c">1977</subfield>
      <subfield code="e">(Budapest</subfield>
      <subfield code="f">Tip. Interpress)</subfield>
    </datafield>
    <datafield tag="300" ind1=" " ind2=" ">
      <subfield code="a">24 t.lev. :</subfield>
      <subfield code="b">ill. ;</subfield>
      <subfield code="c">34 cm</subfield>
    </datafield>
    <datafield tag="506" ind1=" " ind2=" ">
      <subfield code="a">Füzetlenül</subfield>
      <subfield code="b">közös borítóban</subfield>
    </datafield>
    <datafield tag="600" ind1="1" ind2="4">
      <subfield code="a">Ady Endre</subfield>
      <subfield code="d">(1877-1919)</subfield>
    </datafield>
    <datafield tag="600" ind1="1" ind2="4">
      <subfield code="a">Ady Endre</subfield>
      <subfield code="d">(1877-1919)</subfield>
    </datafield>
    <datafield tag="600" ind1="1" ind2="4">
      <subfield code="a">Ady Endre</subfield>
      <subfield code="d">(1877-1919)</subfield>
      <subfield code="c">(költő, író, publicista)</subfield>
    </datafield>
    <datafield tag="700" ind1="1" ind2=" ">
      <subfield code="a">Hernádi László</subfield>
      <subfield code="4">(szerk.)</subfield>
    </datafield>
    <datafield tag="710" ind1="2" ind2=" ">
      <subfield code="a">Magyar-Szovjet Baráti Társaság</subfield>
      <subfield code="4">közread.</subfield>
    </datafield>
    <datafield tag="852" ind1=" " ind2=" ">
      <subfield code="a">B1</subfield>
      <subfield code="b">B1</subfield>
      <subfield code="x">494804</subfield>
    </datafield>
  </record>