
  <record>
    <leader>00541cam  2200193u  4500</leader>
    <controlfield tag="001">MOKKAZ0004388195  </controlfield>
    <controlfield tag="005">20091201224449.0</controlfield>
    <controlfield tag="008">      s1977                        fre d</controlfield>
    <datafield tag="020" ind1=" " ind2=" ">
      <subfield code="a">2-7191-0042-0</subfield>
    </datafield>
    <datafield tag="035" ind1=" " ind2=" ">
      <subfield code="a">bibFSZ00234248</subfield>
    </datafield>
    <datafield tag="040" ind1=" " ind2=" ">
      <subfield code="a">FSZEK</subfield>
    </datafield>
    <datafield tag="041" ind1=" " ind2=" ">
      <subfield code="a">fre</subfield>
    </datafield>
    <datafield tag="080" ind1=" " ind2="0">
      <subfield code="a">908.449.45(084.12)</subfield>
    </datafield>
    <datafield tag="245" ind1="0" ind2="0">
      <subfield code="a">100 heures de visite en Corse /</subfield>
      <subfield code="c">[introd. par L. Larfillon]</subfield>
    </datafield>
    <datafield tag="260" ind1=" " ind2=" ">
      <subfield code="a">Paris :</subfield>
      <subfield code="b">Vilo,</subfield>
      <subfield code="c">1977</subfield>
    </datafield>
    <datafield tag="300" ind1=" " ind2=" ">
      <subfield code="a">14 p., 36 t. :</subfield>
      <subfield code="b">ill. ;</subfield>
      <subfield code="c">20 cm</subfield>
    </datafield>
    <datafield tag="651" ind1=" " ind2=" ">
      <subfield code="a">Korzika</subfield>
    </datafield>
    <datafield tag="700" ind1="1" ind2=" ">
      <subfield code="a">Larfillon, Léon</subfield>
      <subfield code="4">bev.</subfield>
    </datafield>
    <datafield tag="852" ind1=" " ind2=" ">
      <subfield code="a">B10</subfield>
      <subfield code="b">0801</subfield>
      <subfield code="x">bibFSZ00234248</subfield>
    </datafield>
  </record>