
  <record>
    <leader>01334nam  2200385 i 4500</leader>
    <controlfield tag="001">MOKKAN0004029063  </controlfield>
    <controlfield tag="005">20071112151602.0</controlfield>
    <controlfield tag="008">061113 2006    hu            000   hun  </controlfield>
    <datafield tag="020" ind1=" " ind2=" ">
      <subfield code="a">963 13 5509 8 (fűzött)</subfield>
    </datafield>
    <datafield tag="035" ind1=" " ind2=" ">
      <subfield code="a">bibJAT00695073</subfield>
    </datafield>
    <datafield tag="040" ind1=" " ind2=" ">
      <subfield code="a">SZTE</subfield>
    </datafield>
    <datafield tag="100" ind1="1" ind2=" ">
      <subfield code="a">Kemp, Barry</subfield>
    </datafield>
    <datafield tag="240" ind1="1" ind2="0">
      <subfield code="a">100 hieroglyphs</subfield>
      <subfield code="l">(magyar)</subfield>
    </datafield>
    <datafield tag="245" ind1="1" ind2="0">
      <subfield code="a">100 hieroglifa :</subfield>
      <subfield code="b">a világ egyiptomi szemmel /</subfield>
      <subfield code="c">Barry Kemp ; [ford. Árokszállásy Zoltán] ; [ill. Andy Boyce ...]</subfield>
    </datafield>
    <datafield tag="260" ind1=" " ind2=" ">
      <subfield code="a">Budapest :</subfield>
      <subfield code="b">Corvina,</subfield>
      <subfield code="c">[2006]</subfield>
    </datafield>
    <datafield tag="300" ind1=" " ind2=" ">
      <subfield code="a">226 p. :</subfield>
      <subfield code="b">ill. ;</subfield>
      <subfield code="c">24 cm</subfield>
    </datafield>
    <datafield tag="650" ind1=" " ind2="7">
      <subfield code="a">Írás</subfield>
      <subfield code="x">egyiptomi</subfield>
      <subfield code="2">szte</subfield>
    </datafield>
    <datafield tag="650" ind1=" " ind2="7">
      <subfield code="a">Hieroglifák</subfield>
      <subfield code="x">óegyiptomi nyelv</subfield>
      <subfield code="2">szte</subfield>
    </datafield>
    <datafield tag="650" ind1=" " ind2="7">
      <subfield code="a">Művelődéstörténet</subfield>
      <subfield code="y">ókor</subfield>
      <subfield code="x">Egyiptom</subfield>
      <subfield code="2">szte</subfield>
    </datafield>
    <datafield tag="650" ind1=" " ind2="4">
      <subfield code="a">Egyiptomi nyelv</subfield>
      <subfield code="x">írás, hieroglifikus</subfield>
    </datafield>
    <datafield tag="650" ind1=" " ind2="0">
      <subfield code="a">Egyptian language</subfield>
      <subfield code="x">Writing, Hieroglyphic.</subfield>
    </datafield>
    <datafield tag="650" ind1=" " ind2="4">
      <subfield code="a">hieroglifa</subfield>
    </datafield>
    <datafield tag="650" ind1=" " ind2="4">
      <subfield code="a">művelődéstörténet</subfield>
    </datafield>
    <datafield tag="650" ind1=" " ind2="4">
      <subfield code="a">Óegyiptomi Birodalom</subfield>
    </datafield>
    <datafield tag="650" ind1=" " ind2="4">
      <subfield code="a">Hieroglifák</subfield>
    </datafield>
    <datafield tag="650" ind1=" " ind2="4">
      <subfield code="a">Egyiptom</subfield>
      <subfield code="x">Ókor</subfield>
      <subfield code="x">Művelődéstörténet</subfield>
    </datafield>
    <datafield tag="650" ind1=" " ind2="4">
      <subfield code="a">Művelődéstörténet</subfield>
      <subfield code="x">Ókor</subfield>
      <subfield code="x">Egyiptom</subfield>
    </datafield>
    <datafield tag="651" ind1=" " ind2="4">
      <subfield code="a">Egyiptom</subfield>
    </datafield>
    <datafield tag="700" ind1="1" ind2=" ">
      <subfield code="a">Árokszállásy Zoltán</subfield>
      <subfield code="d">(1947-)</subfield>
    </datafield>
    <datafield tag="700" ind1="1" ind2=" ">
      <subfield code="a">Boyce, Andy</subfield>
    </datafield>
    <datafield tag="852" ind1=" " ind2=" ">
      <subfield code="a">SZ1</subfield>
      <subfield code="b">SZ1/Z2</subfield>
      <subfield code="x">bibJAT00695073</subfield>
    </datafield>
    <datafield tag="852" ind1=" " ind2=" ">
      <subfield code="a">D1</subfield>
      <subfield code="b">D1</subfield>
      <subfield code="x">MOKKAN0004029063</subfield>
    </datafield>
    <datafield tag="852" ind1=" " ind2=" ">
      <subfield code="a">B10</subfield>
      <subfield code="b">B10</subfield>
      <subfield code="x">bibFSZ1274268</subfield>
    </datafield>
    <datafield tag="852" ind1=" " ind2=" ">
      <subfield code="a">SZO1</subfield>
      <subfield code="b">SZO1</subfield>
      <subfield code="x">150534298</subfield>
    </datafield>
    <datafield tag="852" ind1=" " ind2=" ">
      <subfield code="a">H1</subfield>
      <subfield code="b">H1</subfield>
      <subfield code="x">NLVK750947</subfield>
    </datafield>
  </record>