
  <record>
    <leader>00320nam  2200121 ir4500</leader>
    <controlfield tag="001">MOKKAS0001387029  </controlfield>
    <controlfield tag="005">20060113094439.0</controlfield>
    <controlfield tag="008">050903s1960    hu            00010 hun d</controlfield>
    <datafield tag="035" ind1=" " ind2=" ">
      <subfield code="a">bibVFK00125116</subfield>
    </datafield>
    <datafield tag="040" ind1=" " ind2=" ">
      <subfield code="a">VFMK</subfield>
    </datafield>
    <datafield tag="245" ind1="0" ind2="0">
      <subfield code="a">100 híres regény /</subfield>
      <subfield code="c">szerk. Lutter Tibor et al.</subfield>
    </datafield>
    <datafield tag="260" ind1=" " ind2=" ">
      <subfield code="c">1960</subfield>
    </datafield>
    <datafield tag="852" ind1=" " ind2=" ">
      <subfield code="a">SZL1</subfield>
      <subfield code="b">SZL1</subfield>
      <subfield code="x">bibVFK00125116</subfield>
    </datafield>
  </record>