
  <record>
    <leader>00317nam  2200121 ir4500</leader>
    <controlfield tag="001">MOKKAS0001243511  </controlfield>
    <controlfield tag="005">20060112163850.0</controlfield>
    <controlfield tag="008">      s1973    hu            00010 hun d</controlfield>
    <datafield tag="035" ind1=" " ind2=" ">
      <subfield code="a">bibRFK00029278</subfield>
    </datafield>
    <datafield tag="040" ind1=" " ind2=" ">
      <subfield code="a">RFMK</subfield>
    </datafield>
    <datafield tag="245" ind1="0" ind2="0">
      <subfield code="a">100 híres regény</subfield>
    </datafield>
    <datafield tag="260" ind1=" " ind2=" ">
      <subfield code="a">Budapest :</subfield>
      <subfield code="b">Táncsics Kiadó,</subfield>
      <subfield code="c">1973</subfield>
    </datafield>
    <datafield tag="852" ind1=" " ind2=" ">
      <subfield code="a">M2</subfield>
      <subfield code="b">M2</subfield>
      <subfield code="x">bibRFK00029278</subfield>
    </datafield>
  </record>