
  <record>
    <leader>00856nam  22002655ir4500</leader>
    <controlfield tag="001">MOKKAZ0003268471  </controlfield>
    <controlfield tag="005">20090521191333.0</controlfield>
    <controlfield tag="008">94126 m1971    hu              0   hun d</controlfield>
    <datafield tag="035" ind1=" " ind2=" ">
      <subfield code="a">csiKLT00029194</subfield>
    </datafield>
    <datafield tag="040" ind1=" " ind2=" ">
      <subfield code="a">DEENK</subfield>
    </datafield>
    <datafield tag="245" ind1="0" ind2="0">
      <subfield code="a">100 híres regény /</subfield>
      <subfield code="c">[szerk. Apostol András et al.]</subfield>
    </datafield>
    <datafield tag="250" ind1=" " ind2=" ">
      <subfield code="a">2., átdolg. kiad.</subfield>
    </datafield>
    <datafield tag="260" ind1=" " ind2=" ">
      <subfield code="a">Budapest :</subfield>
      <subfield code="b">Táncscics,</subfield>
      <subfield code="c">1971</subfield>
    </datafield>
    <datafield tag="300" ind1=" " ind2=" ">
      <subfield code="c">19 cm</subfield>
    </datafield>
    <datafield tag="650" ind1="0" ind2="4">
      <subfield code="a">világirodalom</subfield>
      <subfield code="x">regényismertetések</subfield>
    </datafield>
    <datafield tag="650" ind1=" " ind2="7">
      <subfield code="a">Világirodalom</subfield>
      <subfield code="x">regény</subfield>
      <subfield code="x">tartalmi kivonat</subfield>
      <subfield code="2">szte</subfield>
    </datafield>
    <datafield tag="695" ind1=" " ind2=" ">
      <subfield code="a">világirodalom</subfield>
      <subfield code="x">regény</subfield>
    </datafield>
    <datafield tag="695" ind1=" " ind2=" ">
      <subfield code="a">Világirodalom</subfield>
    </datafield>
    <datafield tag="695" ind1=" " ind2=" ">
      <subfield code="a">Regény</subfield>
    </datafield>
    <datafield tag="700" ind1="1" ind2=" ">
      <subfield code="a">Apostol András</subfield>
      <subfield code="d">(1930-1983)</subfield>
      <subfield code="c">(műfordító, tanár)</subfield>
    </datafield>
    <datafield tag="852" ind1=" " ind2=" ">
      <subfield code="a">D1</subfield>
      <subfield code="b">D1</subfield>
      <subfield code="b">D1/3</subfield>
      <subfield code="b">HBO8</subfield>
      <subfield code="x">csiKLT00029194</subfield>
    </datafield>
    <datafield tag="852" ind1=" " ind2=" ">
      <subfield code="a">M1</subfield>
      <subfield code="b">M1</subfield>
      <subfield code="x">81064</subfield>
    </datafield>
    <datafield tag="852" ind1=" " ind2=" ">
      <subfield code="a">P1</subfield>
      <subfield code="b">P1/FK</subfield>
      <subfield code="x">bibJPT00149975</subfield>
    </datafield>
    <datafield tag="852" ind1=" " ind2=" ">
      <subfield code="a">SZ1</subfield>
      <subfield code="b">SZ1</subfield>
      <subfield code="b">SZ1/R1</subfield>
      <subfield code="x">bibJAT00023874</subfield>
    </datafield>
    <datafield tag="852" ind1=" " ind2=" ">
      <subfield code="a">B12</subfield>
      <subfield code="b">B12</subfield>
      <subfield code="x">BCEKK258551</subfield>
    </datafield>
  </record>