
  <record>
    <leader>00665cam  22001935ir4500</leader>
    <controlfield tag="001">MOKKAS0003725870  </controlfield>
    <controlfield tag="005">20060615021700.0</controlfield>
    <controlfield tag="008">94126 s1973    hu              010 hun d</controlfield>
    <datafield tag="020" ind1=" " ind2=" ">
      <subfield code="a">nincs (kötött)</subfield>
    </datafield>
    <datafield tag="035" ind1=" " ind2=" ">
      <subfield code="a">bibTMK00022004</subfield>
    </datafield>
    <datafield tag="040" ind1=" " ind2=" ">
      <subfield code="a">IGYUK</subfield>
    </datafield>
    <datafield tag="245" ind1="0" ind2="0">
      <subfield code="a">100 híres regény /</subfield>
      <subfield code="c">[szerk. biz. Török Endre, Mihályi Gábor, Walkó György] ; [szerk. Apostol András et al.]</subfield>
    </datafield>
    <datafield tag="250" ind1=" " ind2=" ">
      <subfield code="a">3., jav. kiad. -</subfield>
    </datafield>
    <datafield tag="260" ind1="0" ind2=" ">
      <subfield code="a">Budapest :</subfield>
      <subfield code="b">Táncsics,</subfield>
      <subfield code="c">1973</subfield>
    </datafield>
    <datafield tag="300" ind1=" " ind2=" ">
      <subfield code="c">19 cm</subfield>
    </datafield>
    <datafield tag="650" ind1=" " ind2="4">
      <subfield code="a">Regény</subfield>
      <subfield code="x">magyarázat</subfield>
    </datafield>
    <datafield tag="650" ind1=" " ind2="4">
      <subfield code="a">Regény</subfield>
      <subfield code="x">történetek, cselekmények stb.</subfield>
    </datafield>
    <datafield tag="700" ind1="1" ind2=" ">
      <subfield code="a">Apostol András</subfield>
      <subfield code="d">(1930-1983)</subfield>
      <subfield code="c">(műfordító, tanár)</subfield>
    </datafield>
    <datafield tag="852" ind1=" " ind2=" ">
      <subfield code="a">SZK1</subfield>
      <subfield code="b">SZK1</subfield>
      <subfield code="x">bibTMK00022004</subfield>
    </datafield>
  </record>