
  <record>
    <leader>00404nam  2200145   4500</leader>
    <controlfield tag="001">MOKKAN0005073439  </controlfield>
    <controlfield tag="005">20071126141631.0</controlfield>
    <controlfield tag="008">040710 1973    hu                  hun  </controlfield>
    <datafield tag="035" ind1=" " ind2=" ">
      <subfield code="a">bibHML00007776</subfield>
    </datafield>
    <datafield tag="040" ind1=" " ind2=" ">
      <subfield code="a">SZTE</subfield>
    </datafield>
    <datafield tag="100" ind1="1" ind2=" ">
      <subfield code="a">Luther Tibor</subfield>
    </datafield>
    <datafield tag="245" ind1="1" ind2="0">
      <subfield code="a">100 hires regény /</subfield>
      <subfield code="c">Luther Tibor</subfield>
    </datafield>
    <datafield tag="500" ind1=" " ind2=" ">
      <subfield code="a">DARAB: 2</subfield>
    </datafield>
    <datafield tag="650" ind1=" " ind2="7">
      <subfield code="a">Világirodalom</subfield>
      <subfield code="x">regény</subfield>
      <subfield code="x">tartalmi kivonat</subfield>
      <subfield code="2">szte</subfield>
    </datafield>
    <datafield tag="852" ind1=" " ind2=" ">
      <subfield code="a">SZ1</subfield>
      <subfield code="b">SZ1/133</subfield>
      <subfield code="x">bibHML00007776</subfield>
    </datafield>
  </record>