
  <record>
    <leader>05795cam  22003377i 4500</leader>
    <controlfield tag="001">MOKKAS0001941530  </controlfield>
    <controlfield tag="005">20060531114140.0</controlfield>
    <controlfield tag="008">000229m19719999hu     g      00 01 hun d</controlfield>
    <datafield tag="020" ind1=" " ind2=" ">
      <subfield code="a">(kötött) :</subfield>
      <subfield code="c">77,- Ft</subfield>
    </datafield>
    <datafield tag="035" ind1=" " ind2=" ">
      <subfield code="a">177984</subfield>
    </datafield>
    <datafield tag="040" ind1=" " ind2=" ">
      <subfield code="a">ELTE</subfield>
    </datafield>
    <datafield tag="041" ind1="1" ind2=" ">
      <subfield code="a">hun</subfield>
    </datafield>
    <datafield tag="245" ind1="0" ind2="0">
      <subfield code="a">100 híres regény</subfield>
      <subfield code="c">/ [szerk.biz.: Török Endre et al. ; szerk. Apostol András et al.]</subfield>
    </datafield>
    <datafield tag="250" ind1=" " ind2=" ">
      <subfield code="a">(2., átd. kiad.)</subfield>
    </datafield>
    <datafield tag="260" ind1=" " ind2=" ">
      <subfield code="a">Bp. :</subfield>
      <subfield code="b">Táncsics K.,</subfield>
      <subfield code="c">1971-</subfield>
    </datafield>
    <datafield tag="300" ind1=" " ind2=" ">
      <subfield code="c">21 cm</subfield>
    </datafield>
    <datafield tag="505" ind1="0" ind2="0">
      <subfield code="g">1.</subfield>
      <subfield code="t">Don Quijote /</subfield>
      <subfield code="r">Miguel de Cervantes Saavedra--</subfield>
      <subfield code="g">2.</subfield>
      <subfield code="t">Gil Blas de Santillana históriája /</subfield>
      <subfield code="r">Alain René Lesage--</subfield>
      <subfield code="g">3.</subfield>
      <subfield code="t">Manon Lescaut /</subfield>
      <subfield code="r">Antoine-Francois Prévost--</subfield>
      <subfield code="g">4.</subfield>
      <subfield code="t">Júlia vagy az új Héloise /</subfield>
      <subfield code="r">Jean-Jacques Rousseau--</subfield>
      <subfield code="g">5.</subfield>
      <subfield code="t">Werther /</subfield>
      <subfield code="r">Johanmn Wolfgang Goethe--</subfield>
      <subfield code="g">6.</subfield>
      <subfield code="t">Wilhelm Meister tanulóévei /</subfield>
      <subfield code="r">Johann Wolfgang Goethe--</subfield>
      <subfield code="g">7.</subfield>
      <subfield code="t">Heinrich von Ofterdingen /</subfield>
      <subfield code="r">Novalis--</subfield>
      <subfield code="g">8.</subfield>
      <subfield code="t">Robinson Crusoe /</subfield>
      <subfield code="r">Daniel Defoe--</subfield>
      <subfield code="g">9.</subfield>
      <subfield code="t">Gulliver utazásai /</subfield>
      <subfield code="r">Jonathan Swift--</subfield>
      <subfield code="g">10.</subfield>
      <subfield code="t">Tom Jones /</subfield>
      <subfield code="r">Henry Fielding--</subfield>
      <subfield code="g">11.</subfield>
      <subfield code="t">A vörös szoba álma /</subfield>
      <subfield code="r">Cao Hszüe-csin--</subfield>
      <subfield code="g">12.</subfield>
      <subfield code="t">Holt lelkek /</subfield>
      <subfield code="r">Nyikolaj Vasziljevics Gogol--</subfield>
      <subfield code="g">13.</subfield>
      <subfield code="t">Korunk hőse /</subfield>
      <subfield code="r">Mihail Jurjevics Lermontov--</subfield>
      <subfield code="g">14.</subfield>
      <subfield code="t">Oblomov /</subfield>
      <subfield code="r">Ivan Alekszandrovics Goncsarov--</subfield>
      <subfield code="g">15.</subfield>
      <subfield code="t">Apák és fiúk /</subfield>
      <subfield code="r">Ivan Szergejevics Turgenyev--</subfield>
      <subfield code="g">16.</subfield>
      <subfield code="t">Háború és béke /</subfield>
      <subfield code="r">Lev Nyikolajevics Tolsztoj--</subfield>
      <subfield code="g">17.</subfield>
      <subfield code="t">Feltámadás /</subfield>
      <subfield code="r">Lev Nyikolajevics Tolsztoj--</subfield>
      <subfield code="g">18.</subfield>
      <subfield code="t">Bűn és bűnhődés /</subfield>
      <subfield code="r">Fjodor Mihajlovics Dosztojevszkij--</subfield>
      <subfield code="g">19.</subfield>
      <subfield code="t">A Karamazov testvérek /</subfield>
      <subfield code="r">Fjodor Mihajlovics Dosztojevszkij--</subfield>
      <subfield code="g">20.</subfield>
      <subfield code="t">Elveszett illúziók /</subfield>
      <subfield code="r">Honoré de Balzac--</subfield>
      <subfield code="g">21.</subfield>
      <subfield code="t">Kurtizánok tündöklése és nyomorúsága /</subfield>
      <subfield code="r">Honoré de Balzac--</subfield>
      <subfield code="g">22.</subfield>
      <subfield code="t">A pármai kolostor /</subfield>
      <subfield code="r">Stendhal--</subfield>
      <subfield code="g">23.</subfield>
      <subfield code="t">A párizsi Notre-Dame /</subfield>
      <subfield code="r">Victor Hugo--</subfield>
      <subfield code="g">24.</subfield>
      <subfield code="t">A nyomorultak /</subfield>
      <subfield code="r">Victor Hugo--</subfield>
      <subfield code="g">25.</subfield>
      <subfield code="t">Mauprat /</subfield>
      <subfield code="r">George Sand--</subfield>
      <subfield code="g">26.</subfield>
      <subfield code="t">Szent Bertalan éjszakája /</subfield>
      <subfield code="r">Prosper Mérimée--</subfield>
      <subfield code="g">27.</subfield>
      <subfield code="t">Bovaryné /</subfield>
      <subfield code="r">Gustave Flaubert--</subfield>
      <subfield code="g">28.</subfield>
      <subfield code="t">Érzelmek iskolája /</subfield>
      <subfield code="r">Gustave Flaubert--</subfield>
      <subfield code="g">29.</subfield>
      <subfield code="t">Nana /</subfield>
      <subfield code="r">Émile Zola--</subfield>
      <subfield code="g">30.</subfield>
      <subfield code="t">Germinal /</subfield>
      <subfield code="r">Émile Zola--</subfield>
      <subfield code="g">31.</subfield>
      <subfield code="t">A szépfiú /</subfield>
      <subfield code="r">Guy de Maupassant--</subfield>
      <subfield code="g">32.</subfield>
      <subfield code="t">Angyalok lázadása /</subfield>
      <subfield code="r">Anatole France--</subfield>
      <subfield code="g">33.</subfield>
      <subfield code="t">Büszkeség és balitélet /</subfield>
      <subfield code="r">Jane Austen--</subfield>
      <subfield code="g">34.</subfield>
      <subfield code="t">Waverley /</subfield>
      <subfield code="r">Walter Scott--</subfield>
      <subfield code="g">35.</subfield>
      <subfield code="t">Copperfield Dávid /</subfield>
      <subfield code="r">Charles Dickens--</subfield>
      <subfield code="g">36.</subfield>
      <subfield code="t">Hiúság vására /</subfield>
      <subfield code="r">William Makepeace Thackeray--</subfield>
      <subfield code="g">37.</subfield>
      <subfield code="t">Üvöltő szelek /</subfield>
      <subfield code="r">Emily Bronte--</subfield>
      <subfield code="g">38.</subfield>
      <subfield code="t">Egy tiszta nő /</subfield>
      <subfield code="r">Thomas Hardy--</subfield>
      <subfield code="g">39.</subfield>
      <subfield code="t">A skarlát betű /</subfield>
      <subfield code="r">Nathaniel Hawthorne--</subfield>
      <subfield code="g">40.</subfield>
      <subfield code="t">Tom Sawyer kalandjai /</subfield>
      <subfield code="r">Mark Twain--</subfield>
      <subfield code="g">41.</subfield>
      <subfield code="t">Európaiak /</subfield>
      <subfield code="r">Henry James--</subfield>
      <subfield code="g">42.</subfield>
      <subfield code="t">Kohlhaas Mihály /</subfield>
      <subfield code="r">Heinrich von Kleist--</subfield>
      <subfield code="g">43.</subfield>
      <subfield code="t">Zöld Henrik /</subfield>
      <subfield code="r">Gottfried Keller--</subfield>
      <subfield code="g">44.</subfield>
      <subfield code="t">Effi Briest /</subfield>
      <subfield code="r">Theodore Fontane--</subfield>
      <subfield code="g">45.</subfield>
      <subfield code="t">A jegyesek /</subfield>
      <subfield code="r">Alessandro Manzoni--</subfield>
      <subfield code="g">46.</subfield>
      <subfield code="t">Quo Vadis? /</subfield>
      <subfield code="r">Henryk Sienkiewicz--</subfield>
      <subfield code="g">47.</subfield>
      <subfield code="t">A vörös szoba álma /</subfield>
      <subfield code="r">Johan August Strindberg--</subfield>
      <subfield code="g">48.</subfield>
      <subfield code="t">Az anya /</subfield>
      <subfield code="r">Makszim Gorkij--</subfield>
      <subfield code="g">49.</subfield>
      <subfield code="t">Az Artamonovok /</subfield>
      <subfield code="r">Makszim Gorkij--</subfield>
      <subfield code="g">50.</subfield>
      <subfield code="t">Golgota /</subfield>
      <subfield code="r">Alekszej Nyikolajevics Tolsztoj--</subfield>
      <subfield code="g">51.</subfield>
      <subfield code="t">Tizenkilencen /</subfield>
      <subfield code="r">Alekszandr Alekszandrovics Fagyejev--</subfield>
      <subfield code="g">52.</subfield>
      <subfield code="t">Csendes Don /</subfield>
      <subfield code="r">Mihail Solohov--</subfield>
      <subfield code="g">53.</subfield>
      <subfield code="t">Tizenkét szék /</subfield>
      <subfield code="r">Ilf-Petrov--</subfield>
      <subfield code="g">54.</subfield>
      <subfield code="t">A Mester és Margarita /</subfield>
      <subfield code="r">Mihail Afanaszjevics Bulgakov--</subfield>
      <subfield code="g">55.</subfield>
      <subfield code="t">Orosz erdő /</subfield>
      <subfield code="r">Leonyid Makszimovics Leonov--</subfield>
      <subfield code="g">56.</subfield>
      <subfield code="t">Üldözött vad /</subfield>
      <subfield code="r">Charles-Ferdinand Ramuz--</subfield>
      <subfield code="g">57.</subfield>
      <subfield code="t">A Vatikán titka /</subfield>
      <subfield code="r">André Gide--</subfield>
      <subfield code="g">58.</subfield>
      <subfield code="t">Az eltünt idő nyomában /</subfield>
      <subfield code="r">Marcel Proust--</subfield>
      <subfield code="g">59.</subfield>
      <subfield code="t">Viperafészek /</subfield>
      <subfield code="r">Francois Mauriac--</subfield>
      <subfield code="g">60.</subfield>
      <subfield code="t">Úri negyed /</subfield>
      <subfield code="r">Louis Aragon--</subfield>
      <subfield code="g">61.</subfield>
      <subfield code="t">A Thibault család /</subfield>
      <subfield code="r">Roger Martin du Gard--</subfield>
      <subfield code="g">62.</subfield>
      <subfield code="t">A pestis /</subfield>
      <subfield code="r">Albert Camus--</subfield>
      <subfield code="g">63.</subfield>
      <subfield code="t">A Forsyte Saga /</subfield>
      <subfield code="r">John Galsworthy--</subfield>
      <subfield code="g">64.</subfield>
      <subfield code="t">Lady Chatterley kedvese /</subfield>
      <subfield code="r">David Herbert Lawrence--</subfield>
      <subfield code="g">65.</subfield>
      <subfield code="t">Pont és ellenpont /</subfield>
      <subfield code="r">Aldous Leonard Huxley--</subfield>
      <subfield code="g">66.</subfield>
      <subfield code="t">Orlando /</subfield>
      <subfield code="r">Virginai Woolf--</subfield>
      <subfield code="g">67.</subfield>
      <subfield code="t">A csendes amerikai /</subfield>
      <subfield code="r">Graham Greene--</subfield>
      <subfield code="g">68.</subfield>
      <subfield code="t">A legyek ura /</subfield>
      <subfield code="r">William Golding--</subfield>
      <subfield code="g">69.</subfield>
      <subfield code="t">Martin Eden /</subfield>
      <subfield code="r">Jack London--</subfield>
      <subfield code="g">70.</subfield>
      <subfield code="t">Amerikai tragédia /</subfield>
      <subfield code="r">Theodore Dreiser--</subfield>
      <subfield code="g">71.</subfield>
      <subfield code="t">Arrowsmith /</subfield>
      <subfield code="r">Sinclair Lewis--</subfield>
      <subfield code="g">72.</subfield>
      <subfield code="t">Szentély /</subfield>
      <subfield code="r">William Faulkner--</subfield>
      <subfield code="g">73.</subfield>
      <subfield code="t">Akiért a harang szól /</subfield>
      <subfield code="r">Ernest Hemingway--</subfield>
      <subfield code="g">74.</subfield>
      <subfield code="t">Érik a gyümölcs /</subfield>
      <subfield code="r">John Steinbeck--</subfield>
      <subfield code="g">75.</subfield>
      <subfield code="t">Zabhegyező /</subfield>
      <subfield code="r">Jerome David Salinger--</subfield>
      <subfield code="g">76.</subfield>
      <subfield code="t">Meztelenek és Holtak /</subfield>
      <subfield code="r">Norman Mailer--</subfield>
      <subfield code="g">77.</subfield>
      <subfield code="t">Hidegvérrel /</subfield>
      <subfield code="r">Truman Capote--</subfield>
      <subfield code="g">78.</subfield>
      <subfield code="t">A Buddenbrook ház /</subfield>
      <subfield code="r">Thomas Mann--</subfield>
      <subfield code="g">79.</subfield>
      <subfield code="t">A varázshegy /</subfield>
      <subfield code="r">Thomas Mann--</subfield>
      <subfield code="g">80.</subfield>
      <subfield code="t">Az alattvaló /</subfield>
      <subfield code="r">Heinrich Mann--</subfield>
      <subfield code="g">81.</subfield>
      <subfield code="t">A per /</subfield>
      <subfield code="r">Franz Kafka--</subfield>
      <subfield code="g">82.</subfield>
      <subfield code="t">Grisa őrmester /</subfield>
      <subfield code="r">Arnold Zweig--</subfield>
      <subfield code="g">83.</subfield>
      <subfield code="t">A hetedik kereszt /</subfield>
      <subfield code="r">Anna Seghers--</subfield>
      <subfield code="g">84.</subfield>
      <subfield code="t">Stiller /</subfield>
      <subfield code="r">Max Frisch--</subfield>
      <subfield code="g">85.</subfield>
      <subfield code="t">Biliárd fél tizkor /</subfield>
      <subfield code="r">Heinrich Böll--</subfield>
      <subfield code="g">86.</subfield>
      <subfield code="t">Mattia Pascal két élete /</subfield>
      <subfield code="r">Luigi Pirandello--</subfield>
      <subfield code="g">87.</subfield>
      <subfield code="t">A Párduc /</subfield>
      <subfield code="r">Giuseppe Tomasi Di Lampedusa--</subfield>
      <subfield code="g">88.</subfield>
      <subfield code="t">Egy asszony meg a lány /</subfield>
      <subfield code="r">Alberto Moravia--</subfield>
      <subfield code="g">89.</subfield>
      <subfield code="t">Szegény szerelmesek krónikája /</subfield>
      <subfield code="r">Vasco Pratolini--</subfield>
      <subfield code="g">90.</subfield>
      <subfield code="t">Független emberek /</subfield>
      <subfield code="r">Haldór Kiljan Laxness--</subfield>
      <subfield code="g">91.</subfield>
      <subfield code="t">Gösta Berling /</subfield>
      <subfield code="r">Selma Lagerlöf--</subfield>
      <subfield code="g">92.</subfield>
      <subfield code="t">Éhség /</subfield>
      <subfield code="r">Knut Hamsun--</subfield>
      <subfield code="g">93.</subfield>
      <subfield code="t">Hóditó Pelle /</subfield>
      <subfield code="r">Martin Andersen-Nexő--</subfield>
      <subfield code="g">94.</subfield>
      <subfield code="t">Parasztok /</subfield>
      <subfield code="r">Wladislaw Stanislaw Reymont--</subfield>
      <subfield code="g">95.</subfield>
      <subfield code="t">Svejk /</subfield>
      <subfield code="r">Jaroslav Hasek--</subfield>
      <subfield code="g">96.</subfield>
      <subfield code="t">Harc a szalamandrákkal /</subfield>
      <subfield code="r">Karel Capek--</subfield>
      <subfield code="g">97.</subfield>
      <subfield code="t">A balta /</subfield>
      <subfield code="r">Mihail Sadoveanu--</subfield>
      <subfield code="g">98.</subfield>
      <subfield code="t">Vihar a völgy felett /</subfield>
      <subfield code="r">Ivo Andric--</subfield>
      <subfield code="g">99.</subfield>
      <subfield code="t">Dohány /</subfield>
      <subfield code="r">Dimitar Dimov</subfield>
    </datafield>
    <datafield tag="650" ind1="0" ind2="4">
      <subfield code="a">világirodalom</subfield>
      <subfield code="x">regény</subfield>
      <subfield code="y">17-20. sz.</subfield>
      <subfield code="x">tartalmi kivonatok</subfield>
    </datafield>
    <datafield tag="650" ind1=" " ind2="4">
      <subfield code="a">Tömörítvény</subfield>
    </datafield>
    <datafield tag="650" ind1=" " ind2="4">
      <subfield code="a">világirodalom - regények - tömöritvények</subfield>
    </datafield>
    <datafield tag="650" ind1=" " ind2="4">
      <subfield code="a">regények - világirodalom - tömöritvények</subfield>
    </datafield>
    <datafield tag="695" ind1=" " ind2=" ">
      <subfield code="a">Irodalomtörténet</subfield>
      <subfield code="x">cselekményösszefoglaló</subfield>
      <subfield code="y">20. sz.</subfield>
    </datafield>
    <datafield tag="695" ind1=" " ind2=" ">
      <subfield code="a">xxx</subfield>
    </datafield>
    <datafield tag="700" ind1="1" ind2=" ">
      <subfield code="a">Török Endre</subfield>
      <subfield code="d">(1923-)</subfield>
    </datafield>
    <datafield tag="700" ind1="1" ind2=" ">
      <subfield code="a">Apostol András</subfield>
      <subfield code="d">(1930-1983)</subfield>
    </datafield>
    <datafield tag="852" ind1=" " ind2=" ">
      <subfield code="a">B2</subfield>
      <subfield code="b">B2</subfield>
      <subfield code="x">177984</subfield>
    </datafield>
    <datafield tag="852" ind1=" " ind2=" ">
      <subfield code="a">SZL1</subfield>
      <subfield code="b">SZL1</subfield>
      <subfield code="x">bibVFK00176633</subfield>
    </datafield>
    <datafield tag="852" ind1=" " ind2=" ">
      <subfield code="a">SZ4</subfield>
      <subfield code="b">SZ4</subfield>
      <subfield code="x">bibSOK00028927</subfield>
    </datafield>
    <datafield tag="852" ind1=" " ind2=" ">
      <subfield code="a">B10</subfield>
      <subfield code="B">1105</subfield>
      <subfield code="B">1201</subfield>
      <subfield code="B">0307C</subfield>
      <subfield code="B">0204</subfield>
      <subfield code="B">2203</subfield>
      <subfield code="B">0202</subfield>
      <subfield code="B">0101</subfield>
      <subfield code="B">2201</subfield>
      <subfield code="B">0302</subfield>
      <subfield code="B">0801</subfield>
      <subfield code="B">1801</subfield>
      <subfield code="B">1803</subfield>
      <subfield code="B">1901</subfield>
      <subfield code="B">1903</subfield>
      <subfield code="B">2105</subfield>
      <subfield code="B">2301</subfield>
      <subfield code="B">0901</subfield>
      <subfield code="B">2002</subfield>
      <subfield code="B">1308</subfield>
      <subfield code="B">0401</subfield>
      <subfield code="B">1302</subfield>
      <subfield code="B">0602</subfield>
      <subfield code="B">0403</subfield>
      <subfield code="B">0702</subfield>
      <subfield code="B">0703</subfield>
      <subfield code="B">1704</subfield>
      <subfield code="B">1401</subfield>
      <subfield code="B">0802</subfield>
      <subfield code="B">1402</subfield>
      <subfield code="B">1602</subfield>
      <subfield code="B">1504</subfield>
      <subfield code="B">1004</subfield>
      <subfield code="B">1601</subfield>
      <subfield code="B">1702</subfield>
      <subfield code="b">2004</subfield>
      <subfield code="x">bibFSZ00002299</subfield>
    </datafield>
    <datafield tag="852" ind1=" " ind2=" ">
      <subfield code="a">B11</subfield>
      <subfield code="b">B11</subfield>
      <subfield code="x">BMEOMIKK000081544</subfield>
    </datafield>
    <datafield tag="852" ind1=" " ind2=" ">
      <subfield code="a">BCS1</subfield>
      <subfield code="b">BCS1</subfield>
      <subfield code="x">bibBKO00104584</subfield>
    </datafield>
  </record>