
  <record>
    <leader>00936cam  22002537i 4500</leader>
    <controlfield tag="001">MOKKAS0001894887  </controlfield>
    <controlfield tag="005">20060531013047.0</controlfield>
    <controlfield tag="008">000229m19731973hu            00 01 hun d</controlfield>
    <datafield tag="020" ind1=" " ind2=" ">
      <subfield code="a">(kötött) :</subfield>
      <subfield code="c">77,- Ft</subfield>
    </datafield>
    <datafield tag="035" ind1=" " ind2=" ">
      <subfield code="a">89221</subfield>
    </datafield>
    <datafield tag="040" ind1=" " ind2=" ">
      <subfield code="a">ELTE</subfield>
    </datafield>
    <datafield tag="041" ind1="1" ind2=" ">
      <subfield code="a">hun</subfield>
    </datafield>
    <datafield tag="245" ind1="0" ind2="0">
      <subfield code="a">100 híres regény</subfield>
      <subfield code="c">/ [szerk.biz.: Török Endre et al. ; szerk. Apostol András et al.]</subfield>
    </datafield>
    <datafield tag="260" ind1=" " ind2=" ">
      <subfield code="a">Bp. :</subfield>
      <subfield code="b">Táncsics K.,</subfield>
      <subfield code="c">1973</subfield>
    </datafield>
    <datafield tag="300" ind1=" " ind2=" ">
      <subfield code="a">2 db ;</subfield>
      <subfield code="c">21 cm.</subfield>
    </datafield>
    <datafield tag="650" ind1="0" ind2="4">
      <subfield code="a">világirodalom</subfield>
      <subfield code="x">regény</subfield>
      <subfield code="y">17-20. sz.</subfield>
      <subfield code="x">tartalmi kivonatok</subfield>
    </datafield>
    <datafield tag="650" ind1=" " ind2="4">
      <subfield code="a">világirodalom - regények - tömöritvények</subfield>
    </datafield>
    <datafield tag="650" ind1=" " ind2="4">
      <subfield code="a">regények - világirodalom - tömöritvények</subfield>
    </datafield>
    <datafield tag="700" ind1="1" ind2=" ">
      <subfield code="a">Török Endre</subfield>
      <subfield code="d">(1923-)</subfield>
    </datafield>
    <datafield tag="700" ind1="1" ind2=" ">
      <subfield code="a">Apostol András</subfield>
      <subfield code="d">(1930-1983)</subfield>
    </datafield>
    <datafield tag="852" ind1=" " ind2=" ">
      <subfield code="a">B2</subfield>
      <subfield code="b">B2</subfield>
      <subfield code="x">89221</subfield>
    </datafield>
    <datafield tag="852" ind1=" " ind2=" ">
      <subfield code="a">SZL1</subfield>
      <subfield code="b">SZL1</subfield>
      <subfield code="x">bibVFK00125104</subfield>
    </datafield>
    <datafield tag="852" ind1=" " ind2=" ">
      <subfield code="a">BCS1</subfield>
      <subfield code="b">BCS1</subfield>
      <subfield code="x">bibBKO00104401</subfield>
    </datafield>
    <datafield tag="852" ind1=" " ind2=" ">
      <subfield code="a">B10</subfield>
      <subfield code="B">1104</subfield>
      <subfield code="B">0307C</subfield>
      <subfield code="B">0101</subfield>
      <subfield code="B">2105</subfield>
      <subfield code="B">0902</subfield>
      <subfield code="B">0401</subfield>
      <subfield code="B">0403</subfield>
      <subfield code="B">1903</subfield>
      <subfield code="B">2004</subfield>
      <subfield code="B">1004</subfield>
      <subfield code="B">0802</subfield>
      <subfield code="B">1504</subfield>
      <subfield code="B">1704</subfield>
      <subfield code="b">1003</subfield>
      <subfield code="x">bibFSZ00002260</subfield>
    </datafield>
  </record>