
  <record>
    <leader>00542nam  2200181 ir4500</leader>
    <controlfield tag="001">MOKKAN0004164113  </controlfield>
    <controlfield tag="005">20070314163845.0</controlfield>
    <controlfield tag="008">711201 1960    hu            000   hun  </controlfield>
    <datafield tag="035" ind1=" " ind2=" ">
      <subfield code="a">bibJAT00311810</subfield>
    </datafield>
    <datafield tag="040" ind1=" " ind2=" ">
      <subfield code="a">SZTE</subfield>
    </datafield>
    <datafield tag="245" ind1="0" ind2="0">
      <subfield code="a">100 híres regény /</subfield>
      <subfield code="c">[szerk. biz. Török Endre, Mihályi Gábor, Walkó György]</subfield>
    </datafield>
    <datafield tag="260" ind1=" " ind2=" ">
      <subfield code="a">Bp. :</subfield>
      <subfield code="b">Táncsics</subfield>
    </datafield>
    <datafield tag="300" ind1=" " ind2=" ">
      <subfield code="c">20 cm</subfield>
    </datafield>
    <datafield tag="700" ind1="1" ind2=" ">
      <subfield code="a">Török Endre</subfield>
    </datafield>
    <datafield tag="700" ind1="1" ind2=" ">
      <subfield code="a">Mihályi Gábor</subfield>
    </datafield>
    <datafield tag="700" ind1="1" ind2=" ">
      <subfield code="a">Walkó György</subfield>
    </datafield>
    <datafield tag="852" ind1=" " ind2=" ">
      <subfield code="a">SZ1</subfield>
      <subfield code="b">SZ1/R6</subfield>
      <subfield code="b">SZ1/R1</subfield>
      <subfield code="x">bibJAT00311810</subfield>
    </datafield>
    <datafield tag="852" ind1=" " ind2=" ">
      <subfield code="a">SZ1</subfield>
      <subfield code="b">SZ1/R1</subfield>
      <subfield code="b">SZ1/R6</subfield>
      <subfield code="x">bibJAT00298614</subfield>
    </datafield>
  </record>