
  <record>
    <leader>00627nama 22001931ir4500</leader>
    <controlfield tag="001">MOKKAS0000503794  </controlfield>
    <controlfield tag="005">20060117195348.0</controlfield>
    <controlfield tag="008">040730s1971    hu            000 0 hunod</controlfield>
    <datafield tag="035" ind1=" " ind2=" ">
      <subfield code="a">1262573</subfield>
    </datafield>
    <datafield tag="040" ind1=" " ind2=" ">
      <subfield code="a">OSZK</subfield>
    </datafield>
    <datafield tag="041" ind1="0" ind2=" ">
      <subfield code="a">hunhun</subfield>
    </datafield>
    <datafield tag="245" ind1="0" ind2="0">
      <subfield code="a">100 híres regény /</subfield>
      <subfield code="c">[szerk. Török Endre, Mihályi Gábor, Walkó György]</subfield>
    </datafield>
    <datafield tag="250" ind1=" " ind2=" ">
      <subfield code="a">2. átd. kiad.</subfield>
    </datafield>
    <datafield tag="260" ind1=" " ind2=" ">
      <subfield code="a">Budapest :</subfield>
      <subfield code="b">Táncsics Kiadó,</subfield>
      <subfield code="c">1971</subfield>
      <subfield code="e">(Budapest</subfield>
      <subfield code="f">Athenaeum Ny.)</subfield>
    </datafield>
    <datafield tag="300" ind1=" " ind2=" ">
      <subfield code="a">2 db ;</subfield>
      <subfield code="c">20 cm</subfield>
    </datafield>
    <datafield tag="700" ind1="1" ind2=" ">
      <subfield code="a">Walkó György</subfield>
      <subfield code="d">(1920-)</subfield>
      <subfield code="4">(szerk.)</subfield>
    </datafield>
    <datafield tag="700" ind1="1" ind2=" ">
      <subfield code="a">Mihályi Gábor</subfield>
      <subfield code="d">(1923-)</subfield>
      <subfield code="4">(szerk.)</subfield>
    </datafield>
    <datafield tag="700" ind1="1" ind2=" ">
      <subfield code="a">Török Endre</subfield>
      <subfield code="d">(1923-2005)</subfield>
      <subfield code="4">(szerk.)</subfield>
    </datafield>
    <datafield tag="852" ind1=" " ind2=" ">
      <subfield code="a">B1</subfield>
      <subfield code="b">B1</subfield>
      <subfield code="x">1262573</subfield>
    </datafield>
  </record>