
  <record>
    <leader>00761nam  2200205   4500</leader>
    <controlfield tag="001">MOKKAZ0004754290  </controlfield>
    <controlfield tag="005">20040910100308.0</controlfield>
    <controlfield tag="008">031215s2002                        eng d</controlfield>
    <datafield tag="020" ind1=" " ind2=" ">
      <subfield code="a">0-486-42067-1 (fűzött) :</subfield>
    </datafield>
    <datafield tag="035" ind1=" " ind2=" ">
      <subfield code="a">bibFSZ00959200</subfield>
    </datafield>
    <datafield tag="040" ind1=" " ind2=" ">
      <subfield code="a">FSZEK</subfield>
    </datafield>
    <datafield tag="041" ind1=" " ind2=" ">
      <subfield code="a">eng</subfield>
    </datafield>
    <datafield tag="100" ind1="1" ind2=" ">
      <subfield code="a">Batchelor, John H.</subfield>
    </datafield>
    <datafield tag="245" ind1="1" ind2="0">
      <subfield code="a">100 historic ships in full color /</subfield>
      <subfield code="c">John Batchelor</subfield>
    </datafield>
    <datafield tag="260" ind1=" " ind2=" ">
      <subfield code="a">Mineola :</subfield>
      <subfield code="b">Dover Publ.,</subfield>
      <subfield code="c">2002</subfield>
    </datafield>
    <datafield tag="300" ind1=" " ind2=" ">
      <subfield code="a">[48] p. :</subfield>
      <subfield code="b">ill. ;</subfield>
      <subfield code="c">31 cm</subfield>
    </datafield>
    <datafield tag="490" ind1="1" ind2=" ">
      <subfield code="a">(Dover pictorial archive series)</subfield>
    </datafield>
    <datafield tag="680" ind1=" " ind2="1">
      <subfield code="a">vízi jármű, hajóépítés</subfield>
      <subfield code="a">hajóépítés, vízi jármű</subfield>
      <subfield code="a">egyetemes, nemzetközi</subfield>
      <subfield code="a">nemzetközi, egyetemes</subfield>
      <subfield code="a">történeti tárgyalásmód</subfield>
      <subfield code="a">képek</subfield>
      <subfield code="a">illusztrációk</subfield>
    </datafield>
    <datafield tag="830" ind1=" " ind2="0">
      <subfield code="a">Dover pictorial archive series</subfield>
    </datafield>
    <datafield tag="852" ind1=" " ind2=" ">
      <subfield code="a">B10</subfield>
      <subfield code="b">0801</subfield>
      <subfield code="x">bibFSZ00959200</subfield>
    </datafield>
  </record>