
  <record>
    <leader>05350ncm  2200505 i 4500</leader>
    <controlfield tag="001">MOKKAZ0003730196  </controlfield>
    <controlfield tag="005">20040909214535.0</controlfield>
    <controlfield tag="008">021126c1986    en             n 1  eng d</controlfield>
    <datafield tag="020" ind1=" " ind2=" ">
      <subfield code="a">ISBN 0-7119-0850-8</subfield>
    </datafield>
    <datafield tag="028" ind1="3" ind2="0">
      <subfield code="a">[lemezszám nélkül]</subfield>
      <subfield code="b">Wise Publications</subfield>
    </datafield>
    <datafield tag="035" ind1=" " ind2=" ">
      <subfield code="a">bibKLT00323853</subfield>
    </datafield>
    <datafield tag="040" ind1=" " ind2=" ">
      <subfield code="a">DEENK</subfield>
    </datafield>
    <datafield tag="041" ind1=" " ind2=" ">
      <subfield code="a">eng</subfield>
    </datafield>
    <datafield tag="245" ind1="0" ind2="0">
      <subfield code="a">100 hits for easy piano</subfield>
      <subfield code="h">[Nyomtatott kotta]</subfield>
    </datafield>
    <datafield tag="260" ind1=" " ind2=" ">
      <subfield code="a">London :</subfield>
      <subfield code="b">Wise Publications,</subfield>
      <subfield code="c">cop. 1986</subfield>
    </datafield>
    <datafield tag="300" ind1=" " ind2=" ">
      <subfield code="a">260 p. ;</subfield>
      <subfield code="c">31 cm</subfield>
    </datafield>
    <datafield tag="505" ind1="0" ind2="0">
      <subfield code="g">1.</subfield>
      <subfield code="t">Bridge over troubled water /</subfield>
      <subfield code="r">Paul Simon +</subfield>
      <subfield code="g">2.</subfield>
      <subfield code="t">Summertime blues +</subfield>
      <subfield code="g">3.</subfield>
      <subfield code="t">Bad, bad Leroy Brown +</subfield>
      <subfield code="g">4.</subfield>
      <subfield code="t">Chim chim cher-ee +</subfield>
      <subfield code="g">5.</subfield>
      <subfield code="t">I'm beginning to see the light /</subfield>
      <subfield code="r">Harry James, Duke Ellington, Johnny Hodges, Don George +</subfield>
      <subfield code="g">6.</subfield>
      <subfield code="t">Take the "A" train +</subfield>
      <subfield code="g">7.</subfield>
      <subfield code="t">Mood indigo /</subfield>
      <subfield code="r">Duke Ellington, Irving Mills, Albany Bigard +</subfield>
      <subfield code="g">8.</subfield>
      <subfield code="t">He's a tramp +</subfield>
      <subfield code="g">9.</subfield>
      <subfield code="t">Waltz from "Swan lake" /</subfield>
      <subfield code="r">Peter Ilyich Tchaikovsky +</subfield>
      <subfield code="g">10.</subfield>
      <subfield code="t">The sound of silence /</subfield>
      <subfield code="r">Paul Simon +</subfield>
      <subfield code="g">11.</subfield>
      <subfield code="t">Not fade away +</subfield>
      <subfield code="g">12.</subfield>
      <subfield code="t">Little April shower +</subfield>
      <subfield code="g">13.</subfield>
      <subfield code="t">That'll be the day /</subfield>
      <subfield code="r">Norman Petty, Buddy Holly, Jerry Allison +</subfield>
      <subfield code="g">14.</subfield>
      <subfield code="t">The night we called it a day +</subfield>
      <subfield code="g">15.</subfield>
      <subfield code="t">Fortuosity +</subfield>
      <subfield code="g">16.</subfield>
      <subfield code="t">Cecilia /</subfield>
      <subfield code="r">Paul Simon +</subfield>
      <subfield code="g">17.</subfield>
      <subfield code="t">Sophisticated lady /</subfield>
      <subfield code="r">music Duke Ellington +</subfield>
      <subfield code="g">18.</subfield>
      <subfield code="t">I wanna be like you +</subfield>
      <subfield code="g">19.</subfield>
      <subfield code="t">Twenty flight rock +</subfield>
      <subfield code="g">20.</subfield>
      <subfield code="t">A spoonful of sugar +</subfield>
      <subfield code="g">21.</subfield>
      <subfield code="t">The last time : This could be the last time /</subfield>
      <subfield code="r">Mick Jagger, Keith Richard +</subfield>
      <subfield code="g">22.</subfield>
      <subfield code="t">Scarborough fair : Canticle /</subfield>
      <subfield code="r">Paul Simon, Art Garfunkel +</subfield>
      <subfield code="g">23.</subfield>
      <subfield code="t">Good Golly Miss Molly +</subfield>
      <subfield code="g">24.</subfield>
      <subfield code="t">The bare necessities +</subfield>
      <subfield code="g">25.</subfield>
      <subfield code="t">A rockin' good way : To mess around and fall in love</subfield>
    </datafield>
    <datafield tag="505" ind1="0" ind2="0">
      <subfield code="g">26.</subfield>
      <subfield code="t">Never smile at a crocodile +</subfield>
      <subfield code="g">27.</subfield>
      <subfield code="t">Blue suede shoes +</subfield>
      <subfield code="g">28.</subfield>
      <subfield code="t">Rave on +</subfield>
      <subfield code="g">29.</subfield>
      <subfield code="t">The boxer /</subfield>
      <subfield code="r">Paul Simon +</subfield>
      <subfield code="g">30.</subfield>
      <subfield code="t">Moonshadow +</subfield>
      <subfield code="g">31.</subfield>
      <subfield code="t">Fire and rain +</subfield>
      <subfield code="g">32.</subfield>
      <subfield code="t">Waltz : from "Coppelia" /</subfield>
      <subfield code="r">C. P. L. Delibes +</subfield>
      <subfield code="g">33.</subfield>
      <subfield code="t">Banks of the Ohio /</subfield>
      <subfield code="r">traditional +</subfield>
      <subfield code="g">34.</subfield>
      <subfield code="t">Morning has broken +</subfield>
      <subfield code="g">35.</subfield>
      <subfield code="t">Uptown girl /</subfield>
      <subfield code="r">Billy Joel +</subfield>
      <subfield code="g">36.</subfield>
      <subfield code="t">Big Spender +</subfield>
      <subfield code="g">37.</subfield>
      <subfield code="t">Fernando /</subfield>
      <subfield code="r">Benny Anderson, Stig Anderson, Bjorn Ulvaeus +</subfield>
      <subfield code="g">38.</subfield>
      <subfield code="t">Merry Christmas everybody +</subfield>
      <subfield code="g">39.</subfield>
      <subfield code="t">Lady D'Arbanville +</subfield>
      <subfield code="g">40.</subfield>
      <subfield code="t">If my friends could see me now +</subfield>
      <subfield code="g">41.</subfield>
      <subfield code="t">Catch the wind +</subfield>
      <subfield code="g">42.</subfield>
      <subfield code="t">Streets of London +</subfield>
      <subfield code="g">43.</subfield>
      <subfield code="t">Danny Boy : Londonderry air /</subfield>
      <subfield code="r">traditional Irish melody +</subfield>
      <subfield code="g">44.</subfield>
      <subfield code="t">Blue Danube /</subfield>
      <subfield code="r">Johann Strauss Jr. +</subfield>
      <subfield code="g">45.</subfield>
      <subfield code="t">Both sides now +</subfield>
      <subfield code="g">46.</subfield>
      <subfield code="t">Everybody's talkin' +</subfield>
      <subfield code="g">47.</subfield>
      <subfield code="t">Just the two of us +</subfield>
      <subfield code="g">48.</subfield>
      <subfield code="t">Music box dancer +</subfield>
      <subfield code="g">49.</subfield>
      <subfield code="t">Lucille +</subfield>
      <subfield code="g">50.</subfield>
      <subfield code="t">Sleeping Beauty waltz /</subfield>
      <subfield code="r">Peter Ilyich Tchaikovsky</subfield>
    </datafield>
    <datafield tag="505" ind1="0" ind2="0">
      <subfield code="g">51.</subfield>
      <subfield code="t">If you could read my mind +</subfield>
      <subfield code="g">52.</subfield>
      <subfield code="t">Lawrence of Arabia +</subfield>
      <subfield code="g">53.</subfield>
      <subfield code="t">Words +</subfield>
      <subfield code="g">54.</subfield>
      <subfield code="t">Goodbye yellow brick road /</subfield>
      <subfield code="r">Elton John, Bernie Taupin +</subfield>
      <subfield code="g">55.</subfield>
      <subfield code="t">When you're young and in love +</subfield>
      <subfield code="g">56.</subfield>
      <subfield code="t">Ballade pour Adeline +</subfield>
      <subfield code="g">57.</subfield>
      <subfield code="t">Who do you think you are kidding Mr. Hitler? : theme from "Dad's army" +</subfield>
      <subfield code="g">58.</subfield>
      <subfield code="t">Sunny +</subfield>
      <subfield code="g">59.</subfield>
      <subfield code="t">Clair de lune /</subfield>
      <subfield code="r">Claude Debussy +</subfield>
      <subfield code="g">60.</subfield>
      <subfield code="t">Tuxedo junction +</subfield>
      <subfield code="g">61.</subfield>
      <subfield code="t">Way down yonder in New Orleans +</subfield>
      <subfield code="g">62.</subfield>
      <subfield code="t">Georgia on my mind +</subfield>
      <subfield code="g">63.</subfield>
      <subfield code="t">East of the sun : East of the sun and west of the moon +</subfield>
      <subfield code="g">64.</subfield>
      <subfield code="t">Organ Grinder's swing +</subfield>
      <subfield code="g">65.</subfield>
      <subfield code="t">Wave +</subfield>
      <subfield code="g">66.</subfield>
      <subfield code="t">Eleanor Rigby /</subfield>
      <subfield code="r">John Lennon, Paul McCartney +</subfield>
      <subfield code="g">67.</subfield>
      <subfield code="t">Lullaby of Birdland +</subfield>
      <subfield code="g">68.</subfield>
      <subfield code="t">Maple leaf rag /</subfield>
      <subfield code="r">Scott Joplin +</subfield>
      <subfield code="g">69.</subfield>
      <subfield code="t">Maybe this time +</subfield>
      <subfield code="g">70.</subfield>
      <subfield code="t">On the sunny side of the street +</subfield>
      <subfield code="g">71.</subfield>
      <subfield code="t">The name of the game /</subfield>
      <subfield code="r">Benny Anderson, Stig Anderson, Bjorn Ulvaeus +</subfield>
      <subfield code="g">72.</subfield>
      <subfield code="t">Ain't she sweet +</subfield>
      <subfield code="g">73.</subfield>
      <subfield code="t">Cabaret +</subfield>
      <subfield code="g">74.</subfield>
      <subfield code="t">The fool on the hill /</subfield>
      <subfield code="r">John Lennon, Paul McCartney +</subfield>
      <subfield code="g">75.</subfield>
      <subfield code="t">Maria Elena</subfield>
    </datafield>
    <datafield tag="505" ind1="0" ind2="0">
      <subfield code="g">76.</subfield>
      <subfield code="t">Liebestraume /</subfield>
      <subfield code="r">Franz Liszt +</subfield>
      <subfield code="g">77.</subfield>
      <subfield code="t">Exactly like you +</subfield>
      <subfield code="g">78.</subfield>
      <subfield code="t">Hasta Manana /</subfield>
      <subfield code="r">Benny Anderson, Stig Anderson, Bjorn Ulvaeus +</subfield>
      <subfield code="g">79.</subfield>
      <subfield code="t">Let it be /</subfield>
      <subfield code="r">John Lennon, Paul McCartney +</subfield>
      <subfield code="g">80.</subfield>
      <subfield code="t">The entertainer /</subfield>
      <subfield code="r">Scott Joplin +</subfield>
      <subfield code="g">81.</subfield>
      <subfield code="t">Sunrise sunset /</subfield>
      <subfield code="r">music Jerry Bock +</subfield>
      <subfield code="g">82.</subfield>
      <subfield code="t">Brazil +</subfield>
      <subfield code="g">83.</subfield>
      <subfield code="t">Romeo and Juliet /</subfield>
      <subfield code="r">Peter Ilyich Tchaikovsky +</subfield>
      <subfield code="g">84.</subfield>
      <subfield code="t">Day tripper /</subfield>
      <subfield code="r">John Lennon, Paul McCartney +</subfield>
      <subfield code="g">85.</subfield>
      <subfield code="t">Sway +</subfield>
      <subfield code="g">86.</subfield>
      <subfield code="t">Yesterday /</subfield>
      <subfield code="r">John Lennon, Paul McCartney +</subfield>
      <subfield code="g">87.</subfield>
      <subfield code="t">Yesterday once more +</subfield>
      <subfield code="g">88.</subfield>
      <subfield code="t">Slightly out of tune : Desafinado +</subfield>
      <subfield code="g">89.</subfield>
      <subfield code="t">Norwegian wood /</subfield>
      <subfield code="r">John Lennon, Paul McCartney +</subfield>
      <subfield code="g">90.</subfield>
      <subfield code="t">I left my heart in San Francisco +</subfield>
      <subfield code="g">91.</subfield>
      <subfield code="t">We've only just begun +</subfield>
      <subfield code="g">92.</subfield>
      <subfield code="t">Satin doll /</subfield>
      <subfield code="r">music Duke Ellington, Billy Stayhorn +</subfield>
      <subfield code="g">93.</subfield>
      <subfield code="t">Jolene /</subfield>
      <subfield code="r">Dolly Parton +</subfield>
      <subfield code="g">94.</subfield>
      <subfield code="t">Close to you : They long to be close to you +</subfield>
      <subfield code="g">95.</subfield>
      <subfield code="t">There I've said it again +</subfield>
      <subfield code="g">96.</subfield>
      <subfield code="t">For the good times +</subfield>
      <subfield code="g">97.</subfield>
      <subfield code="t">Solitude /</subfield>
      <subfield code="r">music Duke Ellington +</subfield>
      <subfield code="g">98.</subfield>
      <subfield code="t">Moanin' +</subfield>
      <subfield code="g">99.</subfield>
      <subfield code="t">In a sentimental mood /</subfield>
      <subfield code="r">Duke Ellington, Irving Mills, Manny Kurtz +</subfield>
      <subfield code="g">100.</subfield>
      <subfield code="t">For all we know</subfield>
    </datafield>
    <datafield tag="695" ind1=" " ind2=" ">
      <subfield code="a">könnyűzene</subfield>
    </datafield>
    <datafield tag="700" ind1="1" ind2=" ">
      <subfield code="a">Simon, Paul</subfield>
      <subfield code="d">(1942-)</subfield>
      <subfield code="c">(könnyűzenész)</subfield>
    </datafield>
    <datafield tag="700" ind1="1" ind2=" ">
      <subfield code="a">Ellington, Duke</subfield>
      <subfield code="d">(1899-1974)</subfield>
    </datafield>
    <datafield tag="700" ind1="1" ind2=" ">
      <subfield code="a">Cajkovskij, Petr Il'ic</subfield>
      <subfield code="d">(1840-1893)</subfield>
    </datafield>
    <datafield tag="700" ind1="1" ind2=" ">
      <subfield code="a">Holly, Buddy</subfield>
      <subfield code="d">(1936-1959)</subfield>
    </datafield>
    <datafield tag="700" ind1="1" ind2=" ">
      <subfield code="a">Jagger, Mick</subfield>
      <subfield code="d">(1944-)</subfield>
    </datafield>
    <datafield tag="700" ind1="1" ind2=" ">
      <subfield code="a">Richards, Keith</subfield>
      <subfield code="d">(1943-)</subfield>
    </datafield>
    <datafield tag="700" ind1="1" ind2=" ">
      <subfield code="a">Garfunkel, Art</subfield>
      <subfield code="d">(1942-)</subfield>
    </datafield>
    <datafield tag="700" ind1="1" ind2=" ">
      <subfield code="a">Delibes, Léo</subfield>
      <subfield code="d">(1836-1891)</subfield>
    </datafield>
    <datafield tag="700" ind1="1" ind2=" ">
      <subfield code="a">Joel, Billy</subfield>
      <subfield code="d">(1951-)</subfield>
    </datafield>
    <datafield tag="700" ind1="1" ind2=" ">
      <subfield code="a">Anderson, Benny</subfield>
      <subfield code="d">(1946-)</subfield>
    </datafield>
    <datafield tag="700" ind1="1" ind2=" ">
      <subfield code="a">Anderson, Stig</subfield>
      <subfield code="d">(1931-1997)</subfield>
    </datafield>
    <datafield tag="700" ind1="1" ind2=" ">
      <subfield code="a">Ulvaeus, Björn</subfield>
      <subfield code="d">(1945-)</subfield>
    </datafield>
    <datafield tag="700" ind1="1" ind2=" ">
      <subfield code="a">Strauss, Johann</subfield>
      <subfield code="c">(jun.)</subfield>
      <subfield code="d">(1825-1899)</subfield>
    </datafield>
    <datafield tag="700" ind1="1" ind2=" ">
      <subfield code="a">Debussy, Claude Achille</subfield>
      <subfield code="d">(1862-1918)</subfield>
    </datafield>
    <datafield tag="700" ind1="1" ind2=" ">
      <subfield code="a">Lennon, John</subfield>
      <subfield code="d">(1940-1980)</subfield>
    </datafield>
    <datafield tag="700" ind1="1" ind2=" ">
      <subfield code="a">McCartney, Paul</subfield>
      <subfield code="d">(1942-)</subfield>
    </datafield>
    <datafield tag="700" ind1="1" ind2=" ">
      <subfield code="a">Joplin, Scott</subfield>
      <subfield code="d">(1868-1917)</subfield>
      <subfield code="c">(jazz-zenész)</subfield>
    </datafield>
    <datafield tag="700" ind1="1" ind2=" ">
      <subfield code="a">Liszt Ferenc</subfield>
      <subfield code="d">(1811-1886)</subfield>
    </datafield>
    <datafield tag="700" ind1="1" ind2=" ">
      <subfield code="a">Bock, Jerry</subfield>
      <subfield code="d">(1928-)</subfield>
    </datafield>
    <datafield tag="700" ind1="1" ind2=" ">
      <subfield code="a">Stayhorn, Billy</subfield>
      <subfield code="d">(1915-1967)</subfield>
    </datafield>
    <datafield tag="700" ind1="1" ind2=" ">
      <subfield code="a">Parton, Dolly</subfield>
      <subfield code="d">(1946-)</subfield>
    </datafield>
    <datafield tag="700" ind1="1" ind2=" ">
      <subfield code="a">Mills, Irving</subfield>
      <subfield code="d">(1894-1985)</subfield>
    </datafield>
    <datafield tag="700" ind1="1" ind2=" ">
      <subfield code="a">Kurtz, Manny</subfield>
    </datafield>
    <datafield tag="852" ind1=" " ind2=" ">
      <subfield code="a">D1</subfield>
      <subfield code="b">D1/Z</subfield>
      <subfield code="x">bibKLT00323853</subfield>
    </datafield>
  </record>