
  <record>
    <leader>00330nam  2200133 i 4500</leader>
    <controlfield tag="001">MOKKAS0003540984  </controlfield>
    <controlfield tag="005">20060606051736.0</controlfield>
    <controlfield tag="008">050714s1989                            d</controlfield>
    <datafield tag="035" ind1=" " ind2=" ">
      <subfield code="a">659210</subfield>
    </datafield>
    <datafield tag="040" ind1=" " ind2=" ">
      <subfield code="a">OIK</subfield>
    </datafield>
    <datafield tag="100" ind1="1" ind2=" ">
      <subfield code="a">Milićević, Nikola</subfield>
    </datafield>
    <datafield tag="245" ind1="1" ind2="0">
      <subfield code="a">100 hrvatskih soneta</subfield>
    </datafield>
    <datafield tag="260" ind1=" " ind2=" ">
      <subfield code="a">Zagreb :</subfield>
      <subfield code="b">Naprijed,</subfield>
      <subfield code="c">1989</subfield>
    </datafield>
    <datafield tag="852" ind1=" " ind2=" ">
      <subfield code="a">B14</subfield>
      <subfield code="b">B14</subfield>
      <subfield code="x">659210</subfield>
    </datafield>
  </record>