
  <record>
    <leader>00664aam  2200193 i 4500</leader>
    <controlfield tag="001">MOKKAS0002341068  </controlfield>
    <controlfield tag="005">20060618050604.0</controlfield>
    <controlfield tag="008">870907s1956    hu            00000 eng d</controlfield>
    <datafield tag="020" ind1=" " ind2=" ">
      <subfield code="a">963-13-1100-7 (kötött)</subfield>
    </datafield>
    <datafield tag="035" ind1=" " ind2=" ">
      <subfield code="a">bibSOK280958</subfield>
    </datafield>
    <datafield tag="040" ind1=" " ind2=" ">
      <subfield code="a">SK</subfield>
    </datafield>
    <datafield tag="100" ind1="1" ind2=" ">
      <subfield code="a">Gundel Károly</subfield>
      <subfield code="d">(1883-1956)</subfield>
    </datafield>
    <datafield tag="245" ind1="1" ind2="0">
      <subfield code="a">100 Hungarian dishes /</subfield>
      <subfield code="c">by Károly Gundel ; [contr. Károly Márk et al.] ; [photographs by Károly Szelényi]</subfield>
    </datafield>
    <datafield tag="260" ind1=" " ind2=" ">
      <subfield code="a">[Budapest] :</subfield>
      <subfield code="b">Corvina,</subfield>
      <subfield code="c">1956</subfield>
    </datafield>
    <datafield tag="300" ind1=" " ind2=" ">
      <subfield code="a">118 p., [8] t.fol. :</subfield>
      <subfield code="b">ill., színes ;</subfield>
      <subfield code="c">80 x 50 mm</subfield>
    </datafield>
    <datafield tag="695" ind1=" " ind2=" ">
      <subfield code="a">Ételspecialitások</subfield>
      <subfield code="x">Magyarország</subfield>
    </datafield>
    <datafield tag="700" ind1="1" ind2=" ">
      <subfield code="a">Károly Márk</subfield>
    </datafield>
    <datafield tag="700" ind1="1" ind2=" ">
      <subfield code="a">Szelényi Károly</subfield>
    </datafield>
    <datafield tag="852" ind1=" " ind2=" ">
      <subfield code="a">SZ4</subfield>
      <subfield code="b">SZ4</subfield>
      <subfield code="x">bibSOK280958</subfield>
    </datafield>
  </record>