
  <record>
    <leader>00821fam  2200241 i 4500</leader>
    <controlfield tag="001">MOKKAZ0006259470  </controlfield>
    <controlfield tag="005">20040915183709.0</controlfield>
    <controlfield tag="008">940510t19801956hu            000 0 eng d</controlfield>
    <datafield tag="020" ind1=" " ind2=" ">
      <subfield code="a">963-13-1100-7 (kötött)</subfield>
    </datafield>
    <datafield tag="035" ind1=" " ind2=" ">
      <subfield code="a">616587</subfield>
    </datafield>
    <datafield tag="040" ind1=" " ind2=" ">
      <subfield code="a">OSZK</subfield>
    </datafield>
    <datafield tag="041" ind1="0" ind2=" ">
      <subfield code="a">engeng</subfield>
      <subfield code="h">hun</subfield>
    </datafield>
    <datafield tag="100" ind1="1" ind2=" ">
      <subfield code="a">Gundel Károly</subfield>
      <subfield code="d">(1883-1956)</subfield>
    </datafield>
    <datafield tag="245" ind1="1" ind2="0">
      <subfield code="a">100 Hungarian dishes /</subfield>
      <subfield code="c">by Károly Gundel ; [contributors Károly Márk ... et al.]</subfield>
    </datafield>
    <datafield tag="260" ind1=" " ind2=" ">
      <subfield code="a">Budapest :</subfield>
      <subfield code="b">Corvina,</subfield>
      <subfield code="c">1980, cop. 1956</subfield>
      <subfield code="e">(Budapest</subfield>
      <subfield code="f">Révai Print. House)</subfield>
    </datafield>
    <datafield tag="300" ind1=" " ind2=" ">
      <subfield code="a">118 l. :</subfield>
      <subfield code="b">ill., színes ;</subfield>
      <subfield code="c">8 cm</subfield>
    </datafield>
    <datafield tag="500" ind1=" " ind2=" ">
      <subfield code="a">Bibliofil kiadás</subfield>
    </datafield>
    <datafield tag="700" ind1="1" ind2=" ">
      <subfield code="a">Márk Károly</subfield>
      <subfield code="4">(közrem.)</subfield>
    </datafield>
    <datafield tag="700" ind1="1" ind2="3">
      <subfield code="a">Rákóczy János</subfield>
      <subfield code="4">(közrem.)</subfield>
    </datafield>
    <datafield tag="700" ind1="1" ind2="3">
      <subfield code="a">Rehberger Elek</subfield>
      <subfield code="4">(közrem.)</subfield>
    </datafield>
    <datafield tag="700" ind1="1" ind2="3">
      <subfield code="a">Gundel Ferenc</subfield>
      <subfield code="d">(1917-1984)</subfield>
      <subfield code="4">(közrem.)</subfield>
    </datafield>
    <datafield tag="852" ind1=" " ind2=" ">
      <subfield code="a">B1</subfield>
      <subfield code="b">B1</subfield>
      <subfield code="x">616587</subfield>
    </datafield>
    <datafield tag="852" ind1=" " ind2=" ">
      <subfield code="a">B10</subfield>
      <subfield code="b">0801B</subfield>
      <subfield code="x">bibFSZ76530</subfield>
    </datafield>
  </record>