
  <record>
    <leader>00600fam  2200205 i 4500</leader>
    <controlfield tag="001">MOKKAZ0006262800  </controlfield>
    <controlfield tag="005">20040915183859.0</controlfield>
    <controlfield tag="008">940510t19881988hu      l     000 0 eng d</controlfield>
    <datafield tag="020" ind1=" " ind2=" ">
      <subfield code="a">963-13-2751-5 (kötött)</subfield>
    </datafield>
    <datafield tag="035" ind1=" " ind2=" ">
      <subfield code="a">618509</subfield>
    </datafield>
    <datafield tag="040" ind1=" " ind2=" ">
      <subfield code="a">OSZK</subfield>
    </datafield>
    <datafield tag="041" ind1="0" ind2=" ">
      <subfield code="a">engeng</subfield>
    </datafield>
    <datafield tag="100" ind1="1" ind2=" ">
      <subfield code="a">Gundel Károly</subfield>
      <subfield code="d">(1883-1956)</subfield>
    </datafield>
    <datafield tag="245" ind1="1" ind2="0">
      <subfield code="a">100 Hungarian dishes /</subfield>
      <subfield code="c">by Károly Gundel</subfield>
    </datafield>
    <datafield tag="250" ind1=" " ind2=" ">
      <subfield code="a">6. ed.</subfield>
    </datafield>
    <datafield tag="260" ind1=" " ind2=" ">
      <subfield code="a">[Budapest] :</subfield>
      <subfield code="b">Corvina,</subfield>
      <subfield code="c">1988</subfield>
      <subfield code="e">(Budapest</subfield>
      <subfield code="f">Révai)</subfield>
    </datafield>
    <datafield tag="300" ind1=" " ind2=" ">
      <subfield code="a">118 p., [8] t.fol. :</subfield>
      <subfield code="b">ill., színes ;</subfield>
      <subfield code="c">8x5 cm</subfield>
    </datafield>
    <datafield tag="500" ind1=" " ind2=" ">
      <subfield code="a">Bibliofil kiad.</subfield>
    </datafield>
    <datafield tag="852" ind1=" " ind2=" ">
      <subfield code="a">B1</subfield>
      <subfield code="b">B1</subfield>
      <subfield code="x">618509</subfield>
    </datafield>
    <datafield tag="852" ind1=" " ind2=" ">
      <subfield code="a">P1</subfield>
      <subfield code="b">P1</subfield>
      <subfield code="x">bibJPT0005216</subfield>
    </datafield>
  </record>