
  <record>
    <leader>00681cjm  22001811  4500</leader>
    <controlfield tag="001">MOKKAZ0004604615  </controlfield>
    <controlfield tag="005">20040910083935.0</controlfield>
    <controlfield tag="008">      s1997                        und d</controlfield>
    <datafield tag="028" ind1="4" ind2="2">
      <subfield code="a">ISBN 0 435 245457</subfield>
    </datafield>
    <datafield tag="035" ind1=" " ind2=" ">
      <subfield code="a">bibFSZ00450830</subfield>
    </datafield>
    <datafield tag="040" ind1=" " ind2=" ">
      <subfield code="a">FSZEK</subfield>
    </datafield>
    <datafield tag="245" ind1="0" ind2="0">
      <subfield code="a">100+ Ideal For Children</subfield>
      <subfield code="h">[Hangfelvétel] : </subfield>
      <subfield code="b">Topic-Based Activities /</subfield>
      <subfield code="c">Jackie Holderness ; Annie Hughes</subfield>
    </datafield>
    <datafield tag="260" ind1=" " ind2=" ">
      <subfield code="a">[S.l.] :</subfield>
      <subfield code="b">Reed Educational And Professional Publishing Ltd.,</subfield>
      <subfield code="c">1997</subfield>
    </datafield>
    <datafield tag="300" ind1=" " ind2=" ">
      <subfield code="a">1 hangk. :</subfield>
      <subfield code="b">sztereó</subfield>
      <subfield code="e">1 könyv(95 p. : ill. ; 30 cm) +1 mell.</subfield>
    </datafield>
    <datafield tag="505" ind1="0" ind2=" ">
      <subfield code="g">1.,</subfield>
      <subfield code="t">Families</subfield>
      <subfield code="g">2.,</subfield>
      <subfield code="t">Holidays</subfield>
      <subfield code="g">3.,</subfield>
      <subfield code="t">How Things Work</subfield>
      <subfield code="g">4.,</subfield>
      <subfield code="t">Stories</subfield>
    </datafield>
    <datafield tag="695" ind1=" " ind2="1">
      <subfield code="a">nyelvoktató</subfield>
    </datafield>
    <datafield tag="695" ind1=" " ind2="1">
      <subfield code="a">angol</subfield>
    </datafield>
    <datafield tag="852" ind1=" " ind2=" ">
      <subfield code="a">B10</subfield>
      <subfield code="b">1202</subfield>
      <subfield code="x">bibFSZ00450830</subfield>
    </datafield>
  </record>