
  <record>
    <leader>00680nam  2200241 i 4500</leader>
    <controlfield tag="001">MOKKAS0002431277  </controlfield>
    <controlfield tag="005">20060525080125.0</controlfield>
    <controlfield tag="008">900319s1998    xxka          00010 eng  </controlfield>
    <datafield tag="020" ind1=" " ind2=" ">
      <subfield code="a">0 435 24544 9</subfield>
    </datafield>
    <datafield tag="035" ind1=" " ind2=" ">
      <subfield code="a">bibBBM137633</subfield>
    </datafield>
    <datafield tag="040" ind1=" " ind2=" ">
      <subfield code="a">BBMK</subfield>
    </datafield>
    <datafield tag="041" ind1="0" ind2=" ">
      <subfield code="a">eng</subfield>
    </datafield>
    <datafield tag="100" ind1="1" ind2=" ">
      <subfield code="a">Holderness, Jackie</subfield>
    </datafield>
    <datafield tag="245" ind1="1" ind2="0">
      <subfield code="a">100+ Ideas for Children :</subfield>
      <subfield code="b">Topic-based activities /</subfield>
      <subfield code="c">Jackie Holderness, Annie Hughes</subfield>
    </datafield>
    <datafield tag="260" ind1=" " ind2=" ">
      <subfield code="a">Oxford :</subfield>
      <subfield code="b">Heinemann ELT :</subfield>
      <subfield code="b">Macmillan,</subfield>
      <subfield code="c">1998</subfield>
    </datafield>
    <datafield tag="300" ind1=" " ind2=" ">
      <subfield code="a">95 p. :</subfield>
      <subfield code="b">ill. ;</subfield>
      <subfield code="c">30 cm +</subfield>
      <subfield code="e">1 hangkazetta</subfield>
    </datafield>
    <datafield tag="650" ind1=" " ind2="4">
      <subfield code="a">Angol nyelv</subfield>
    </datafield>
    <datafield tag="650" ind1=" " ind2="4">
      <subfield code="a">Oktatás</subfield>
    </datafield>
    <datafield tag="650" ind1=" " ind2="4">
      <subfield code="a">Játék</subfield>
    </datafield>
    <datafield tag="650" ind1=" " ind2="4">
      <subfield code="a">Gyermek</subfield>
    </datafield>
    <datafield tag="695" ind1=" " ind2=" ">
      <subfield code="a">BC</subfield>
    </datafield>
    <datafield tag="700" ind1="1" ind2=" ">
      <subfield code="a">Hughes, Annie</subfield>
    </datafield>
    <datafield tag="852" ind1=" " ind2=" ">
      <subfield code="a">ST1</subfield>
      <subfield code="b">ST1</subfield>
      <subfield code="x">bibBBM137633</subfield>
    </datafield>
  </record>