
  <record>
    <leader>00820nam  2200229 i 4500</leader>
    <controlfield tag="001">MOKKAS0003309574  </controlfield>
    <controlfield tag="005">20060603234631.0</controlfield>
    <controlfield tag="008">050101s1998                            d</controlfield>
    <datafield tag="020" ind1=" " ind2=" ">
      <subfield code="a">0-435-24544-9 (spirál fűzéssel)</subfield>
    </datafield>
    <datafield tag="035" ind1=" " ind2=" ">
      <subfield code="a">423502</subfield>
    </datafield>
    <datafield tag="040" ind1=" " ind2=" ">
      <subfield code="a">KKMK</subfield>
    </datafield>
    <datafield tag="100" ind1="1" ind2=" ">
      <subfield code="a">Holderness Jackie</subfield>
    </datafield>
    <datafield tag="245" ind1="1" ind2="0">
      <subfield code="a">100+ ideas for children : </subfield>
      <subfield code="b">a teacher's resource book of topic-based activities for children : [photocopiable] /</subfield>
      <subfield code="c">Jackie Holderness ; Annie Hughes</subfield>
    </datafield>
    <datafield tag="260" ind1=" " ind2=" ">
      <subfield code="a">Oxford :</subfield>
      <subfield code="b">Macmillan Heinemann English Language Teaching,</subfield>
      <subfield code="c">1998</subfield>
    </datafield>
    <datafield tag="300" ind1=" " ind2=" ">
      <subfield code="a">95 p. :</subfield>
      <subfield code="b">ill. ;</subfield>
      <subfield code="c">30 cm +</subfield>
      <subfield code="e">1 hangkazetta</subfield>
    </datafield>
    <datafield tag="500" ind1=" " ind2=" ">
      <subfield code="a">Borítón alcímként: Topic-based activities</subfield>
    </datafield>
    <datafield tag="650" ind1=" " ind2="4">
      <subfield code="a">oktatási módszer</subfield>
    </datafield>
    <datafield tag="650" ind1=" " ind2="4">
      <subfield code="a">nyelvoktatás</subfield>
    </datafield>
    <datafield tag="650" ind1=" " ind2="4">
      <subfield code="a">tanári segédkönyv</subfield>
    </datafield>
    <datafield tag="650" ind1=" " ind2="4">
      <subfield code="a">angol nyelv</subfield>
    </datafield>
    <datafield tag="700" ind1="1" ind2="0">
      <subfield code="a">Hughes Annie</subfield>
    </datafield>
    <datafield tag="852" ind1=" " ind2=" ">
      <subfield code="a">GY1</subfield>
      <subfield code="b">GY1</subfield>
      <subfield code="x">423502</subfield>
    </datafield>
  </record>