
  <record>
    <leader>00893nam  2200241   4500</leader>
    <controlfield tag="001">MOKKAS0002330736  </controlfield>
    <controlfield tag="005">20060618043301.0</controlfield>
    <controlfield tag="008">810721 2004    xxk                 eng  </controlfield>
    <datafield tag="020" ind1=" " ind2=" ">
      <subfield code="a">0 435 24544 9 (spirálozott)</subfield>
    </datafield>
    <datafield tag="035" ind1=" " ind2=" ">
      <subfield code="a">bibSOK258141</subfield>
    </datafield>
    <datafield tag="040" ind1=" " ind2=" ">
      <subfield code="a">SK</subfield>
    </datafield>
    <datafield tag="100" ind1="1" ind2=" ">
      <subfield code="a">Holderness, Jackie</subfield>
    </datafield>
    <datafield tag="245" ind1="1" ind2="0">
      <subfield code="a">100+ ideas for children :</subfield>
      <subfield code="b">a teacher's resource book of topic-based activities for children /</subfield>
      <subfield code="c">Jackie Holderness, Annie Hughes</subfield>
    </datafield>
    <datafield tag="260" ind1=" " ind2=" ">
      <subfield code="a">Oxford [etc.] :</subfield>
      <subfield code="b">Macmillan Heinemann,</subfield>
      <subfield code="c">2004</subfield>
    </datafield>
    <datafield tag="300" ind1=" " ind2=" ">
      <subfield code="a">95 p. :</subfield>
      <subfield code="b">ill. ;</subfield>
      <subfield code="c">30 cm +</subfield>
      <subfield code="e">1 hgk.</subfield>
    </datafield>
    <datafield tag="650" ind1=" " ind2="7">
      <subfield code="a">Angol nyelvkönyv</subfield>
      <subfield code="x">gyerekeknek</subfield>
      <subfield code="2">szte</subfield>
    </datafield>
    <datafield tag="650" ind1=" " ind2="7">
      <subfield code="a">Nyelvtanítás</subfield>
      <subfield code="x">angol</subfield>
      <subfield code="x">módszertan</subfield>
      <subfield code="2">szte</subfield>
    </datafield>
    <datafield tag="650" ind1=" " ind2="4">
      <subfield code="a">Angol nyelv</subfield>
      <subfield code="x">tanulás és tanítás</subfield>
    </datafield>
    <datafield tag="650" ind1=" " ind2="4">
      <subfield code="a">Angol nyelv</subfield>
      <subfield code="x">feladatok, gyakorlatok stb.</subfield>
    </datafield>
    <datafield tag="695" ind1=" " ind2=" ">
      <subfield code="a">A British Council ajándéka</subfield>
    </datafield>
    <datafield tag="700" ind1="1" ind2=" ">
      <subfield code="a">Hughes, Annie</subfield>
    </datafield>
    <datafield tag="852" ind1=" " ind2=" ">
      <subfield code="a">SZ4</subfield>
      <subfield code="b">SZ4</subfield>
      <subfield code="x">bibSOK258141</subfield>
    </datafield>
    <datafield tag="852" ind1=" " ind2=" ">
      <subfield code="a">SZK1</subfield>
      <subfield code="b">SZK1</subfield>
      <subfield code="x">bibTMK121330</subfield>
    </datafield>
  </record>