
  <record>
    <leader>00736nom  2200205  r4500</leader>
    <controlfield tag="001">MOKKAW0005135728aa</controlfield>
    <controlfield tag="005">20080417014226.0</controlfield>
    <controlfield tag="008">070711m19901992                    eng d</controlfield>
    <datafield tag="020" ind1=" " ind2=" ">
      <subfield code="a">0-435-24544-9</subfield>
      <subfield code="j">fűzött</subfield>
    </datafield>
    <datafield tag="035" ind1=" " ind2=" ">
      <subfield code="a">bibFSZ01373244</subfield>
    </datafield>
    <datafield tag="040" ind1=" " ind2=" ">
      <subfield code="a">FSZEK</subfield>
    </datafield>
    <datafield tag="041" ind1=" " ind2=" ">
      <subfield code="a">eng</subfield>
    </datafield>
    <datafield tag="100" ind1="1" ind2=" ">
      <subfield code="a">Holderness, Jackie</subfield>
    </datafield>
    <datafield tag="245" ind1="1" ind2="0">
      <subfield code="a">100 + ideas for children</subfield>
      <subfield code="h">[Vegyes dokumentum csomag] :</subfield>
      <subfield code="b">a teacher's resource book of topic-based activities for children : photocopiable /</subfield>
      <subfield code="c">Jackie Holderness, Annie Hughes</subfield>
    </datafield>
    <datafield tag="260" ind1=" " ind2=" ">
      <subfield code="a">Oxford :</subfield>
      <subfield code="b">Macmillan Heinemann,</subfield>
      <subfield code="c">1997</subfield>
    </datafield>
    <datafield tag="300" ind1=" " ind2=" ">
      <subfield code="a">1 oktatócsomag (1 könyv, 1 hangk.) ;</subfield>
      <subfield code="c">műanyag tasakban, 26x39 cm</subfield>
    </datafield>
    <datafield tag="695" ind1=" " ind2="1">
      <subfield code="a">alapszint</subfield>
    </datafield>
    <datafield tag="695" ind1=" " ind2="1">
      <subfield code="a">elementary</subfield>
    </datafield>
    <datafield tag="700" ind1="1" ind2=" ">
      <subfield code="a">Hughes, Annie</subfield>
    </datafield>
    <datafield tag="852" ind1=" " ind2=" ">
      <subfield code="a">B10</subfield>
      <subfield code="b">B10</subfield>
      <subfield code="x">bibFSZ01373244</subfield>
    </datafield>
  </record>