
  <record>
    <leader>00619ncm  2200205 ir4500</leader>
    <controlfield tag="001">MOKKAS0002234197  </controlfield>
    <controlfield tag="005">20060526010612.0</controlfield>
    <controlfield tag="008">001122s1987    enk           00010 eng d</controlfield>
    <datafield tag="020" ind1=" " ind2=" ">
      <subfield code="a">1 85720 011 X</subfield>
    </datafield>
    <datafield tag="035" ind1=" " ind2=" ">
      <subfield code="a">bibSOK00112125</subfield>
    </datafield>
    <datafield tag="040" ind1=" " ind2=" ">
      <subfield code="a">SK</subfield>
    </datafield>
    <datafield tag="245" ind1="0" ind2="0">
      <subfield code="a">100 Irish ballads</subfield>
      <subfield code="h">[Kotta] :</subfield>
      <subfield code="b">with words, music and guitar chords /</subfield>
      <subfield code="c">[presented by Pat Conway]</subfield>
    </datafield>
    <datafield tag="254" ind1=" " ind2=" ">
      <subfield code="a">[Szóló]</subfield>
    </datafield>
    <datafield tag="260" ind1=" " ind2=" ">
      <subfield code="a">Dublin :</subfield>
      <subfield code="b">Waltons,</subfield>
      <subfield code="c">cop. 1987</subfield>
    </datafield>
    <datafield tag="300" ind1=" " ind2=" ">
      <subfield code="a">2 db ;</subfield>
      <subfield code="c">21 cm</subfield>
    </datafield>
    <datafield tag="500" ind1=" " ind2=" ">
      <subfield code="a">Főcím a borítóról</subfield>
    </datafield>
    <datafield tag="695" ind1=" " ind2=" ">
      <subfield code="a">Vokális zene</subfield>
      <subfield code="x">dalok</subfield>
      <subfield code="x">ír</subfield>
    </datafield>
    <datafield tag="695" ind1=" " ind2=" ">
      <subfield code="a">Népzene</subfield>
      <subfield code="x">dalok</subfield>
      <subfield code="x">ír</subfield>
    </datafield>
    <datafield tag="700" ind1="1" ind2=" ">
      <subfield code="a">Conway, Pat</subfield>
    </datafield>
    <datafield tag="852" ind1=" " ind2=" ">
      <subfield code="a">SZ4</subfield>
      <subfield code="b">SZ4</subfield>
      <subfield code="x">bibSOK00112125</subfield>
    </datafield>
  </record>