
  <record>
    <leader>01000cam  2200265 i 4500</leader>
    <controlfield tag="001">MOKKAS0001955281  </controlfield>
    <controlfield tag="005">20060531143532.0</controlfield>
    <controlfield tag="008">860221s1985    au a          000 0 ger  </controlfield>
    <datafield tag="010" ind1=" " ind2=" ">
      <subfield code="a">   86121618</subfield>
    </datafield>
    <datafield tag="020" ind1=" " ind2=" ">
      <subfield code="a">3 900 259 02 X</subfield>
    </datafield>
    <datafield tag="035" ind1=" " ind2=" ">
      <subfield code="a">210701</subfield>
    </datafield>
    <datafield tag="040" ind1=" " ind2=" ">
      <subfield code="a">ELTE</subfield>
    </datafield>
    <datafield tag="041" ind1="0" ind2=" ">
      <subfield code="a">ger</subfield>
    </datafield>
    <datafield tag="245" ind1="0" ind2="0">
      <subfield code="a">100 Jahre Alte Geschichte in Innsbruck</subfield>
      <subfield code="b">: Franz Hampl zum 75. Geburtstag /</subfield>
      <subfield code="c">herausgegeben von Reinhold Bichler</subfield>
    </datafield>
    <datafield tag="260" ind1=" " ind2=" ">
      <subfield code="a">Innsbruck :</subfield>
      <subfield code="b">Im Kommissionsverlag der Wagner'schen Universitätsbuchhandlung,</subfield>
      <subfield code="c">1985</subfield>
    </datafield>
    <datafield tag="300" ind1=" " ind2=" ">
      <subfield code="a">106 p. :</subfield>
      <subfield code="b">ill. ;</subfield>
      <subfield code="c">24 cm</subfield>
    </datafield>
    <datafield tag="490" ind1="1" ind2=" ">
      <subfield code="a">(Veröffentlichungen der Universität Innsbruck</subfield>
      <subfield code="v">; 151.)</subfield>
    </datafield>
    <datafield tag="490" ind1="1" ind2=" ">
      <subfield code="a">(Forschungen zur Innsbrucker Universitätgeschichte ;</subfield>
      <subfield code="v">Bd. 13.)</subfield>
    </datafield>
    <datafield tag="504" ind1=" " ind2=" ">
      <subfield code="a">Bibliogr.: p. 89-106.</subfield>
    </datafield>
    <datafield tag="600" ind1="1" ind2="0">
      <subfield code="a">Hampl, Franz</subfield>
      <subfield code="d">(1910-)</subfield>
    </datafield>
    <datafield tag="700" ind1="1" ind2=" ">
      <subfield code="a">Hampl, Franz</subfield>
      <subfield code="d">(1910-)</subfield>
    </datafield>
    <datafield tag="700" ind1="1" ind2=" ">
      <subfield code="a">Bichler, Reinhold</subfield>
      <subfield code="d">(1947-)</subfield>
    </datafield>
    <datafield tag="830" ind1=" " ind2="0">
      <subfield code="a">Veröffentlichungen der Universität Innsbruck</subfield>
    </datafield>
    <datafield tag="830" ind1=" " ind2="0">
      <subfield code="a">Forschungen zur Innsbrucker Universitätgeschichte</subfield>
    </datafield>
    <datafield tag="852" ind1=" " ind2=" ">
      <subfield code="a">B2</subfield>
      <subfield code="b">B2</subfield>
      <subfield code="x">210701</subfield>
    </datafield>
  </record>