
  <record>
    <leader>00941cam  2200193 i 4500</leader>
    <controlfield tag="001">MOKKAS0001906863  </controlfield>
    <controlfield tag="005">20060531040138.0</controlfield>
    <controlfield tag="008">010130s1991    gw a          000 0dger d</controlfield>
    <datafield tag="020" ind1=" " ind2=" ">
      <subfield code="a">3 86010 292 3</subfield>
    </datafield>
    <datafield tag="035" ind1=" " ind2=" ">
      <subfield code="a">113695</subfield>
    </datafield>
    <datafield tag="040" ind1=" " ind2=" ">
      <subfield code="a">ELTE</subfield>
    </datafield>
    <datafield tag="041" ind1="0" ind2=" ">
      <subfield code="a">ger</subfield>
    </datafield>
    <datafield tag="245" ind1="0" ind2="0">
      <subfield code="a">100 Jahre Archäologisches Museum in Halle 1891-1991 :</subfield>
      <subfield code="b">Zur Geschichte des Robertinums, seiner Sammlungen und Wissenschaftsdisziplinen</subfield>
      <subfield code="c">/ hrsg. von den Mitarbeitern des Instituts für Klassische Altertumswissenschaften unter Leitung von Joachim Ebert. -</subfield>
    </datafield>
    <datafield tag="260" ind1=" " ind2=" ">
      <subfield code="a">Halle (Saale) :</subfield>
      <subfield code="b">Martin-Luther-Universität Halle-Wittenberg,</subfield>
      <subfield code="c">1991. -</subfield>
    </datafield>
    <datafield tag="300" ind1=" " ind2=" ">
      <subfield code="a">136,[1] p., 1 t. :</subfield>
      <subfield code="b">ill. ;</subfield>
      <subfield code="c">21 cm.</subfield>
    </datafield>
    <datafield tag="490" ind1="1" ind2=" ">
      <subfield code="a">(Wissenschaftliche Beiträge / Martin-Luther-Universität Halle-Wittenberg ;</subfield>
      <subfield code="v">1991/19, 8C 50)</subfield>
    </datafield>
    <datafield tag="650" ind1="0" ind2="4">
      <subfield code="a">régészeti múzeum</subfield>
      <subfield code="x">történet</subfield>
      <subfield code="y">1891-1991</subfield>
      <subfield code="z">Halle</subfield>
    </datafield>
    <datafield tag="830" ind1=" " ind2="0">
      <subfield code="a">Wissenschaftliche Beiträge / Martin-Luther-Universität Halle-Wittenberg. C</subfield>
    </datafield>
    <datafield tag="852" ind1=" " ind2=" ">
      <subfield code="a">B2</subfield>
      <subfield code="b">B2</subfield>
      <subfield code="x">113695</subfield>
    </datafield>
  </record>