
  <record>
    <leader>00791cam  2200193   4500</leader>
    <controlfield tag="001">MOKKAZ0003229340  </controlfield>
    <controlfield tag="005">20040909171503.0</controlfield>
    <controlfield tag="008">       1991                        ger  </controlfield>
    <datafield tag="020" ind1=" " ind2=" ">
      <subfield code="a">3 86010 292 3</subfield>
    </datafield>
    <datafield tag="035" ind1=" " ind2=" ">
      <subfield code="a">ISISIIF0008031</subfield>
    </datafield>
    <datafield tag="040" ind1=" " ind2=" ">
      <subfield code="a">DEENK</subfield>
    </datafield>
    <datafield tag="245" ind1="0" ind2="0">
      <subfield code="a">100 Jahre Archäologisches Museum in Halle 1891-1991 :</subfield>
      <subfield code="b">Zur Geschichte des Robertinums, seiner Sammlungen und Wissenschaftdisziplionen /</subfield>
      <subfield code="c">hrsg. ... von Joachim Ebert</subfield>
    </datafield>
    <datafield tag="260" ind1=" " ind2=" ">
      <subfield code="a">Halle :</subfield>
      <subfield code="b">Martin-Luther-Univ.Halle-Wittenberg,</subfield>
      <subfield code="c">1991</subfield>
    </datafield>
    <datafield tag="300" ind1=" " ind2=" ">
      <subfield code="a">136 p. :</subfield>
      <subfield code="b">ill. ;</subfield>
      <subfield code="c">20 cm</subfield>
    </datafield>
    <datafield tag="490" ind1=" " ind2=" ">
      <subfield code="a">(Wissenschaftliche Beiträge / Martin-Luther-Universität Halle-Wittenberg ;</subfield>
      <subfield code="v">1991/19 = C 50)</subfield>
    </datafield>
    <datafield tag="651" ind1=" " ind2=" ">
      <subfield code="a">Robertinum (Halle)</subfield>
    </datafield>
    <datafield tag="696" ind1=" " ind2=" ">
      <subfield code="a">Halle</subfield>
      <subfield code="x">Régészeti Múzeum</subfield>
      <subfield code="y">1891-1991</subfield>
    </datafield>
    <datafield tag="700" ind1=" " ind2=" ">
      <subfield code="a">Ebert, Joachim</subfield>
      <subfield code="e">(szerk.)</subfield>
    </datafield>
    <datafield tag="852" ind1=" " ind2=" ">
      <subfield code="a">D1</subfield>
      <subfield code="b">D1</subfield>
      <subfield code="x">ISISIIF0008031</subfield>
    </datafield>
  </record>