
  <record>
    <leader>00618nam  2200181 i 4500</leader>
    <controlfield tag="001">MOKKAW0005794189  </controlfield>
    <controlfield tag="005">20080419010151.0</controlfield>
    <controlfield tag="008">040614s1984    de            000 0 ger d</controlfield>
    <datafield tag="035" ind1=" " ind2=" ">
      <subfield code="a">BMEOMIKK000458072</subfield>
    </datafield>
    <datafield tag="040" ind1=" " ind2=" ">
      <subfield code="a">BMEOMIKK</subfield>
    </datafield>
    <datafield tag="041" ind1="0" ind2=" ">
      <subfield code="a">ger</subfield>
    </datafield>
    <datafield tag="245" ind1="0" ind2="0">
      <subfield code="a">100 Jahre Automobil : </subfield>
      <subfield code="b">100 Jahre Daimler Benz : ein Geburtstags-Magazin /</subfield>
      <subfield code="c">[Hrsg. Daimler-Benz Aktiengesellschaft] ; [... Text Alfred Becker]</subfield>
    </datafield>
    <datafield tag="246" ind1="1" ind2="3">
      <subfield code="a">100 Jahre Daimler Benz</subfield>
    </datafield>
    <datafield tag="260" ind1=" " ind2=" ">
      <subfield code="a">Düsseldorf :</subfield>
      <subfield code="b">VDI-Verl.,</subfield>
      <subfield code="c">1984</subfield>
    </datafield>
    <datafield tag="300" ind1=" " ind2=" ">
      <subfield code="a">48 p. ;</subfield>
      <subfield code="c">31 cm</subfield>
    </datafield>
    <datafield tag="700" ind1="1" ind2=" ">
      <subfield code="a">Becker, Alfred</subfield>
    </datafield>
    <datafield tag="710" ind1="2" ind2=" ">
      <subfield code="a">Daimler-Benz Aktiengesellschaft</subfield>
    </datafield>
    <datafield tag="852" ind1=" " ind2=" ">
      <subfield code="a">B11</subfield>
      <subfield code="b">B11</subfield>
      <subfield code="x">BMEOMIKK000458072</subfield>
    </datafield>
  </record>