
  <record>
    <leader>01351cam  2200361 a 4500</leader>
    <controlfield tag="001">MOKKAN0004041724  </controlfield>
    <controlfield tag="005">20070207144748.0</controlfield>
    <controlfield tag="008">061211s1989    au a o   b    000 0 ger d</controlfield>
    <datafield tag="010" ind1=" " ind2=" ">
      <subfield code="a">89212199</subfield>
    </datafield>
    <datafield tag="020" ind1=" " ind2=" ">
      <subfield code="a">3 203 51080 4</subfield>
    </datafield>
    <datafield tag="035" ind1=" " ind2=" ">
      <subfield code="a">bibDEK00613149</subfield>
    </datafield>
    <datafield tag="040" ind1=" " ind2=" ">
      <subfield code="a">DEENK</subfield>
    </datafield>
    <datafield tag="050" ind1="0" ind2="0">
      <subfield code="a">PN5169.V6</subfield>
      <subfield code="b">A76 1989</subfield>
    </datafield>
    <datafield tag="082" ind1="0" ind2="0">
      <subfield code="a">073/.613</subfield>
      <subfield code="2">20</subfield>
    </datafield>
    <datafield tag="100" ind1="1" ind2=" ">
      <subfield code="a">Pelinka, Peter</subfield>
      <subfield code="d">(1951-)</subfield>
      <subfield code="c">(történész, politikatudomány)</subfield>
    </datafield>
    <datafield tag="245" ind1="1" ind2="0">
      <subfield code="a">100 Jahre AZ /</subfield>
      <subfield code="c">Peter Pelinka, Manfred Scheuch</subfield>
    </datafield>
    <datafield tag="260" ind1=" " ind2=" ">
      <subfield code="a">Wien :</subfield>
      <subfield code="b">Europa,</subfield>
      <subfield code="c">1989</subfield>
    </datafield>
    <datafield tag="300" ind1=" " ind2=" ">
      <subfield code="a">204 p. :</subfield>
      <subfield code="b">ill., fotók is ;</subfield>
      <subfield code="c">21 cm</subfield>
    </datafield>
    <datafield tag="504" ind1=" " ind2=" ">
      <subfield code="a">Bibliogr.: p. 201-202.</subfield>
    </datafield>
    <datafield tag="610" ind1="2" ind2=" ">
      <subfield code="a">Arbeiter-Zeitung</subfield>
      <subfield code="d">(1889-1938)</subfield>
      <subfield code="c">(újság)</subfield>
    </datafield>
    <datafield tag="630" ind1="0" ind2=" ">
      <subfield code="a">Neue AZ</subfield>
      <subfield code="x">történet</subfield>
    </datafield>
    <datafield tag="630" ind1="0" ind2=" ">
      <subfield code="a">Arbeiter-Zeitung (Vienna, Austria)</subfield>
      <subfield code="x">történet</subfield>
    </datafield>
    <datafield tag="630" ind1="0" ind2=" ">
      <subfield code="a">Neue AZ</subfield>
      <subfield code="x">History.</subfield>
    </datafield>
    <datafield tag="630" ind1="0" ind2=" ">
      <subfield code="a">Arbeiter-Zeitung (Vienna, Austria)</subfield>
      <subfield code="x">History.</subfield>
    </datafield>
    <datafield tag="650" ind1=" " ind2="4">
      <subfield code="a">Osztrák újságok</subfield>
      <subfield code="z">Ausztria</subfield>
      <subfield code="z">Wien</subfield>
      <subfield code="x">történet</subfield>
      <subfield code="y">20. század</subfield>
    </datafield>
    <datafield tag="650" ind1=" " ind2="4">
      <subfield code="a">Szocializmus</subfield>
      <subfield code="z">Ausztria</subfield>
      <subfield code="x">történet</subfield>
      <subfield code="y">20. század</subfield>
    </datafield>
    <datafield tag="650" ind1=" " ind2="0">
      <subfield code="a">Austrian newspapers</subfield>
      <subfield code="z">Austria</subfield>
      <subfield code="z">Vienna</subfield>
      <subfield code="x">History</subfield>
      <subfield code="y">20th century.</subfield>
    </datafield>
    <datafield tag="650" ind1=" " ind2="0">
      <subfield code="a">Socialism</subfield>
      <subfield code="z">Austria</subfield>
      <subfield code="x">History</subfield>
      <subfield code="y">20th century.</subfield>
    </datafield>
    <datafield tag="651" ind1=" " ind2="4">
      <subfield code="a">Ausztria</subfield>
      <subfield code="x">politika és kormányzat</subfield>
      <subfield code="y">20. század</subfield>
    </datafield>
    <datafield tag="651" ind1=" " ind2="0">
      <subfield code="a">Austria</subfield>
      <subfield code="x">Politics and government</subfield>
      <subfield code="y">20th century.</subfield>
    </datafield>
    <datafield tag="700" ind1="1" ind2=" ">
      <subfield code="a">Scheuch, Manfred</subfield>
      <subfield code="d">(1929-)</subfield>
    </datafield>
    <datafield tag="740" ind1="0" ind2=" ">
      <subfield code="a">Hundert Jahre AZ.</subfield>
    </datafield>
    <datafield tag="852" ind1=" " ind2=" ">
      <subfield code="a">D1</subfield>
      <subfield code="b">D1/OE</subfield>
      <subfield code="x">bibDEK00613149</subfield>
    </datafield>
  </record>