
  <record>
    <leader>00601nam  2200193 i 4500</leader>
    <controlfield tag="001">MOKKAW0005597654  </controlfield>
    <controlfield tag="005">20080416000402.0</controlfield>
    <controlfield tag="008">020204s1956    de            000 0 ger d</controlfield>
    <datafield tag="035" ind1=" " ind2=" ">
      <subfield code="a">BMEOMIKK000156110</subfield>
    </datafield>
    <datafield tag="040" ind1=" " ind2=" ">
      <subfield code="a">BMEOMIKK</subfield>
    </datafield>
    <datafield tag="041" ind1="0" ind2=" ">
      <subfield code="a">ger</subfield>
    </datafield>
    <datafield tag="044" ind1=" " ind2=" ">
      <subfield code="a">de</subfield>
    </datafield>
    <datafield tag="110" ind1="2" ind2="0">
      <subfield code="a">Berliner Wasserwerke</subfield>
    </datafield>
    <datafield tag="245" ind1="1" ind2="0">
      <subfield code="a">100 Jahre Berliner Wasserversorgung, 1856-1956 /</subfield>
      <subfield code="c">Dargest. und überreicht von den Werkleitern Albert Uter, Kurt Hünerberg</subfield>
    </datafield>
    <datafield tag="260" ind1=" " ind2=" ">
      <subfield code="a">Berlin :</subfield>
      <subfield code="b">Wilmersdorf,</subfield>
      <subfield code="c">1956</subfield>
    </datafield>
    <datafield tag="300" ind1=" " ind2=" ">
      <subfield code="a">[25]. vol. ;</subfield>
      <subfield code="c">30 cm</subfield>
    </datafield>
    <datafield tag="700" ind1="1" ind2=" ">
      <subfield code="a">Uter, Albert</subfield>
    </datafield>
    <datafield tag="700" ind1="1" ind2=" ">
      <subfield code="a">Hünerberg, Kurt</subfield>
    </datafield>
    <datafield tag="852" ind1=" " ind2=" ">
      <subfield code="a">B11</subfield>
      <subfield code="b">B11</subfield>
      <subfield code="x">BMEOMIKK000156110</subfield>
    </datafield>
  </record>