
  <record>
    <leader>00502nam  2200157 i 4500</leader>
    <controlfield tag="001">MOKKAW0005562600  </controlfield>
    <controlfield tag="005">20080415070712.0</controlfield>
    <controlfield tag="008">000504s1963    ch            000 0 ger d</controlfield>
    <datafield tag="035" ind1=" " ind2=" ">
      <subfield code="a">BMEOMIKK000143367</subfield>
    </datafield>
    <datafield tag="040" ind1=" " ind2=" ">
      <subfield code="a">BMEOMIKK</subfield>
    </datafield>
    <datafield tag="041" ind1="0" ind2=" ">
      <subfield code="a">ger</subfield>
    </datafield>
    <datafield tag="100" ind1="1" ind2=" ">
      <subfield code="a">Bratschi, Robert</subfield>
    </datafield>
    <datafield tag="245" ind1="1" ind2="0">
      <subfield code="a">100 Jahre bernische Eisenbahnpolitik : </subfield>
      <subfield code="b">50 Jahre Lötschbergbahn, 1913-1963 /</subfield>
      <subfield code="c">R. Bratschi</subfield>
    </datafield>
    <datafield tag="260" ind1=" " ind2=" ">
      <subfield code="a">Bern :</subfield>
      <subfield code="b">Berner Alpenbahn-Gesellschaft,</subfield>
      <subfield code="c">1963</subfield>
    </datafield>
    <datafield tag="300" ind1=" " ind2=" ">
      <subfield code="a">217 p., 8 t. ;</subfield>
      <subfield code="c">23 cm</subfield>
    </datafield>
    <datafield tag="852" ind1=" " ind2=" ">
      <subfield code="a">B11</subfield>
      <subfield code="b">B11</subfield>
      <subfield code="x">BMEOMIKK000143367</subfield>
    </datafield>
  </record>