
  <record>
    <leader>00720ngm  22002175  4500</leader>
    <controlfield tag="001">MOKKAW0005113581  </controlfield>
    <controlfield tag="005">20080312024310.0</controlfield>
    <controlfield tag="008">071129c2007    gw                  ger d</controlfield>
    <datafield tag="028" ind1=" " ind2=" ">
      <subfield code="a">D782116-01</subfield>
    </datafield>
    <datafield tag="035" ind1=" " ind2=" ">
      <subfield code="a">bibJPT00452207</subfield>
    </datafield>
    <datafield tag="040" ind1=" " ind2=" ">
      <subfield code="a">PTE</subfield>
    </datafield>
    <datafield tag="245" ind1="0" ind2="0">
      <subfield code="a">100 Jahre Berlin</subfield>
      <subfield code="h">[DVD-felvétel] :</subfield>
      <subfield code="b">Vom Kaiser bis zur Kanzlerin /</subfield>
      <subfield code="c">[hrsg. der] Spiegel TV</subfield>
    </datafield>
    <datafield tag="260" ind1=" " ind2=" ">
      <subfield code="a">Hamburg :</subfield>
      <subfield code="b">Spiegel TV,</subfield>
      <subfield code="c">cop. 2007</subfield>
    </datafield>
    <datafield tag="300" ind1=" " ind2=" ">
      <subfield code="a">1 DVD (dupla rétegű) (97 min.) ;</subfield>
      <subfield code="c">12 cm</subfield>
    </datafield>
    <datafield tag="500" ind1=" " ind2=" ">
      <subfield code="a">A védőtokon számadatként: Nr. 4.</subfield>
    </datafield>
    <datafield tag="508" ind1=" " ind2=" ">
      <subfield code="a">Illusztráció: Der Spiegel</subfield>
    </datafield>
    <datafield tag="546" ind1=" " ind2=" ">
      <subfield code="a">Hang: német (Stereo)</subfield>
    </datafield>
    <datafield tag="695" ind1=" " ind2=" ">
      <subfield code="a">Berlin története</subfield>
    </datafield>
    <datafield tag="695" ind1=" " ind2=" ">
      <subfield code="a">Várostörténet, Berlin</subfield>
    </datafield>
    <datafield tag="710" ind1="2" ind2=" ">
      <subfield code="a">Spiegel TV (Hamburg)</subfield>
    </datafield>
    <datafield tag="852" ind1=" " ind2=" ">
      <subfield code="a">P1</subfield>
      <subfield code="b">P1</subfield>
      <subfield code="x">bibJPT00452207</subfield>
    </datafield>
  </record>