
  <record>
    <leader>00584cam  2200181 i 4500</leader>
    <controlfield tag="001">MOKKAN0003923406  </controlfield>
    <controlfield tag="005">20061105154327.0</controlfield>
    <controlfield tag="008">970426c        xx            00010 ger d</controlfield>
    <datafield tag="035" ind1=" " ind2=" ">
      <subfield code="a">35636</subfield>
    </datafield>
    <datafield tag="040" ind1=" " ind2=" ">
      <subfield code="a">MEKLM</subfield>
    </datafield>
    <datafield tag="041" ind1="0" ind2=" ">
      <subfield code="a">ger</subfield>
    </datafield>
    <datafield tag="245" ind1="0" ind2="0">
      <subfield code="a">100 Jahre Braunkohlenbrikettierung /</subfield>
      <subfield code="c">hrsg. von der Brennstofftechnischen Gesellschaft in der Deutschen Demokratischen Republik</subfield>
    </datafield>
    <datafield tag="260" ind1="0" ind2="1">
      <subfield code="a">Halle :</subfield>
      <subfield code="b">Knapp,</subfield>
      <subfield code="c">1958</subfield>
    </datafield>
    <datafield tag="300" ind1=" " ind2=" ">
      <subfield code="a">355 p., [1] t. :</subfield>
      <subfield code="b">ill. ;</subfield>
      <subfield code="c">27 cm</subfield>
    </datafield>
    <datafield tag="504" ind1=" " ind2=" ">
      <subfield code="a">Bibliogr. p. 343-355.</subfield>
    </datafield>
    <datafield tag="650" ind1="0" ind2="4">
      <subfield code="a">brikettezés története</subfield>
    </datafield>
    <datafield tag="650" ind1="0" ind2="4">
      <subfield code="a">brikettezés</subfield>
      <subfield code="x">története</subfield>
    </datafield>
    <datafield tag="852" ind1=" " ind2=" ">
      <subfield code="a">M1</subfield>
      <subfield code="b">M1</subfield>
      <subfield code="x">35636</subfield>
    </datafield>
  </record>