
  <record>
    <leader>00667cam  22001692  4500</leader>
    <controlfield tag="001">MOKKAZ0004421338  </controlfield>
    <controlfield tag="005">20100222110120.0</controlfield>
    <controlfield tag="008">      s1959    de                  ger d</controlfield>
    <datafield tag="035" ind1=" " ind2=" ">
      <subfield code="a">bibFSZ00267416</subfield>
    </datafield>
    <datafield tag="040" ind1=" " ind2=" ">
      <subfield code="a">FSZEK</subfield>
    </datafield>
    <datafield tag="041" ind1=" " ind2=" ">
      <subfield code="a">ger</subfield>
    </datafield>
    <datafield tag="245" ind1="0" ind2="0">
      <subfield code="a">100 Jahre Darwinismus :</subfield>
      <subfield code="b">Protokoll der Darwin-Tagung v. 8. u. 9. Januar 1959  : Präsidium der Gesellschaft zur Verbreitung Wissenschaftlicher Kenntnisse. Sektion Biologie</subfield>
    </datafield>
    <datafield tag="260" ind1=" " ind2=" ">
      <subfield code="a">Leipzig ;</subfield>
      <subfield code="a">Jena :</subfield>
      <subfield code="b">Urania-Verl.,</subfield>
      <subfield code="c">1959</subfield>
    </datafield>
    <datafield tag="300" ind1=" " ind2=" ">
      <subfield code="a">126, [2] p. ;</subfield>
      <subfield code="c">21 cm</subfield>
    </datafield>
    <datafield tag="600" ind1="1" ind2="4">
      <subfield code="a">Darwin, Charles</subfield>
      <subfield code="d">(1809-1882)</subfield>
    </datafield>
    <datafield tag="710" ind1="2" ind2=" ">
      <subfield code="a">Gesellschaft zur Verbreitung Wissenschaftlicher Kenntnisse</subfield>
      <subfield code="4">összeáll.</subfield>
    </datafield>
    <datafield tag="852" ind1=" " ind2=" ">
      <subfield code="a">B10</subfield>
      <subfield code="b">0801</subfield>
      <subfield code="x">bibFSZ00267416</subfield>
    </datafield>
  </record>