
  <record>
    <leader>00755nam  2200205 i 4500</leader>
    <controlfield tag="001">MOKKAS0003855287  </controlfield>
    <controlfield tag="005">20060616113429.0</controlfield>
    <controlfield tag="008">060419 1981    gr            000   ger  </controlfield>
    <datafield tag="035" ind1=" " ind2=" ">
      <subfield code="a">bibJAT00669946</subfield>
    </datafield>
    <datafield tag="040" ind1=" " ind2=" ">
      <subfield code="a">SZTE</subfield>
    </datafield>
    <datafield tag="100" ind1="1" ind2=" ">
      <subfield code="a">Farkas Gyula</subfield>
    </datafield>
    <datafield tag="245" ind1="1" ind2="0">
      <subfield code="a">100 Jahre der Ungarischen Anthropologie /</subfield>
      <subfield code="c">Gyula Farkas</subfield>
    </datafield>
    <datafield tag="260" ind1=" " ind2=" ">
      <subfield code="a">[Xanthi] :</subfield>
      <subfield code="b">[S.n.],</subfield>
      <subfield code="c">1981</subfield>
    </datafield>
    <datafield tag="300" ind1=" " ind2=" ">
      <subfield code="a">333-341. p. ;</subfield>
      <subfield code="c">23 cm</subfield>
    </datafield>
    <datafield tag="504" ind1=" " ind2=" ">
      <subfield code="a">Bibliográfiákkal</subfield>
    </datafield>
    <datafield tag="505" ind1=" " ind2=" ">
      <subfield code="t">István Kiszely : A Föld népei, Europa = Die Völker der Erde, Europa : Gondolat Vlg., Budapest, 1979. 736 Seiten :[recenzió]</subfield>
    </datafield>
    <datafield tag="580" ind1=" " ind2=" ">
      <subfield code="a">klny. Journal of Mediterranean Anthropology and Archeology, 1981. 1.</subfield>
    </datafield>
    <datafield tag="650" ind1=" " ind2="7">
      <subfield code="a">Embertan</subfield>
      <subfield code="x">Magyarország</subfield>
      <subfield code="2">szte</subfield>
    </datafield>
    <datafield tag="700" ind1="1" ind2=" ">
      <subfield code="a">Kiszely István</subfield>
    </datafield>
    <datafield tag="852" ind1=" " ind2=" ">
      <subfield code="a">SZ1</subfield>
      <subfield code="b">SZ1</subfield>
      <subfield code="x">bibJAT00669946</subfield>
    </datafield>
  </record>