
  <record>
    <leader>00559nam  2200157 i 4500</leader>
    <controlfield tag="001">MOKKAS0003686991  </controlfield>
    <controlfield tag="005">20060614071046.0</controlfield>
    <controlfield tag="008">050706s1999    gw                  ger d</controlfield>
    <datafield tag="035" ind1=" " ind2=" ">
      <subfield code="a">bibSEF90076</subfield>
    </datafield>
    <datafield tag="040" ind1=" " ind2=" ">
      <subfield code="a">NYME</subfield>
    </datafield>
    <datafield tag="110" ind1="2" ind2=" ">
      <subfield code="a">Deutscher Forstverein</subfield>
    </datafield>
    <datafield tag="245" ind1="1" ind2="0">
      <subfield code="a">100 Jahre Deutscher Forstverein :</subfield>
      <subfield code="b">59. Jahrestagung 23.9. - 26.9.1999 in Schwerin : Kongressbericht /</subfield>
      <subfield code="c">[Hrsg.] Deutscher Forstverein</subfield>
    </datafield>
    <datafield tag="260" ind1=" " ind2=" ">
      <subfield code="a">[Göttingen] :</subfield>
      <subfield code="b">Deutscher Forstverein,</subfield>
      <subfield code="c">1999</subfield>
    </datafield>
    <datafield tag="300" ind1=" " ind2=" ">
      <subfield code="a">351 p. ;</subfield>
      <subfield code="c">21 cm +</subfield>
      <subfield code="e">mell.</subfield>
    </datafield>
    <datafield tag="500" ind1=" " ind2=" ">
      <subfield code="a">Mell.: Einladung und Programm</subfield>
    </datafield>
    <datafield tag="852" ind1=" " ind2=" ">
      <subfield code="a">S1</subfield>
      <subfield code="b">S1</subfield>
      <subfield code="x">bibSEF90076</subfield>
    </datafield>
  </record>