
  <record>
    <leader>00569nam  2200193   4500</leader>
    <controlfield tag="001">MOKKAS0002352282  </controlfield>
    <controlfield tag="005">20060618060206.0</controlfield>
    <controlfield tag="008">020531 1913    hu                  ger  </controlfield>
    <datafield tag="035" ind1=" " ind2=" ">
      <subfield code="a">bibRET00005605</subfield>
    </datafield>
    <datafield tag="040" ind1=" " ind2=" ">
      <subfield code="a">SK</subfield>
    </datafield>
    <datafield tag="100" ind1="1" ind2=" ">
      <subfield code="a">Heinrichka, Max</subfield>
    </datafield>
    <datafield tag="245" ind1="1" ind2="0">
      <subfield code="a">100 Jahre deutsche Zukunft. /</subfield>
      <subfield code="c">HEINRICHKA, Max</subfield>
    </datafield>
    <datafield tag="260" ind1=" " ind2=" ">
      <subfield code="a">[Lipcse] Leipzig :</subfield>
      <subfield code="b">Druck von Vogel &amp; Vogel ,</subfield>
      <subfield code="c">1913</subfield>
    </datafield>
    <datafield tag="300" ind1=" " ind2=" ">
      <subfield code="a">68 p. ;</subfield>
      <subfield code="c"> 8 r. 22 cm</subfield>
    </datafield>
    <datafield tag="561" ind1=" " ind2=" ">
      <subfield code="a">Sz K (pecsét)</subfield>
      <subfield code="5">Sz4, G.a. 2994</subfield>
    </datafield>
    <datafield tag="695" ind1=" " ind2=" ">
      <subfield code="a">jövendölések</subfield>
    </datafield>
    <datafield tag="700" ind1="1" ind2=" ">
      <subfield code="a">Vogel ny.</subfield>
    </datafield>
    <datafield tag="700" ind1="1" ind2=" ">
      <subfield code="a">Sz K</subfield>
      <subfield code="e">(possessor)</subfield>
    </datafield>
    <datafield tag="852" ind1=" " ind2=" ">
      <subfield code="a">SZ4</subfield>
      <subfield code="b">SZ4</subfield>
      <subfield code="x">bibRET00005605</subfield>
    </datafield>
  </record>