
  <record>
    <leader>00745nam  2200217 i 4500</leader>
    <controlfield tag="001">MOKKAZ0006432902  </controlfield>
    <controlfield tag="005">20040915202246.0</controlfield>
    <controlfield tag="008">000321s1998    at bc          00 0 gerod</controlfield>
    <datafield tag="020" ind1=" " ind2=" ">
      <subfield code="a">3-205-99017-X</subfield>
    </datafield>
    <datafield tag="035" ind1=" " ind2=" ">
      <subfield code="a">836948</subfield>
    </datafield>
    <datafield tag="040" ind1=" " ind2=" ">
      <subfield code="a">OSZK</subfield>
    </datafield>
    <datafield tag="041" ind1="0" ind2=" ">
      <subfield code="a">gerger</subfield>
    </datafield>
    <datafield tag="072" ind1=" " ind2="1">
      <subfield code="a">7y</subfield>
    </datafield>
    <datafield tag="245" ind1="0" ind2="0">
      <subfield code="a">100 Jahre Dracula /</subfield>
      <subfield code="c">hrsg. von Rainer M. Köppl</subfield>
    </datafield>
    <datafield tag="260" ind1=" " ind2=" ">
      <subfield code="a">Wien :</subfield>
      <subfield code="b">Böhlau,</subfield>
      <subfield code="c">cop. 1998</subfield>
    </datafield>
    <datafield tag="300" ind1=" " ind2=" ">
      <subfield code="a">170 p., [4] t. :</subfield>
      <subfield code="b">ill., részben térk. ;</subfield>
      <subfield code="c">24 cm</subfield>
    </datafield>
    <datafield tag="500" ind1=" " ind2=" ">
      <subfield code="a">A "Maske und Kothurn : internationale Beiträge zur Theaterwissenschaft", ISSN 0025-4606, 41. évf. 1-2. füzete (1995)</subfield>
    </datafield>
    <datafield tag="504" ind1=" " ind2=" ">
      <subfield code="a">Bibliogr. a tanulmányok végén</subfield>
    </datafield>
    <datafield tag="600" ind1="0" ind2="4">
      <subfield code="a">Vlad</subfield>
      <subfield code="c">(Havasalföld: vajda)</subfield>
      <subfield code="b">III.</subfield>
      <subfield code="c">Tepes</subfield>
    </datafield>
    <datafield tag="700" ind1="1" ind2=" ">
      <subfield code="a">Köppl, Rainer M.</subfield>
      <subfield code="4">(szerk.)</subfield>
    </datafield>
    <datafield tag="852" ind1=" " ind2=" ">
      <subfield code="a">B1</subfield>
      <subfield code="b">B1</subfield>
      <subfield code="x">836948</subfield>
    </datafield>
  </record>