
  <record>
    <leader>00537nam  2200181 i 4500</leader>
    <controlfield tag="001">MOKKAN0004866727  </controlfield>
    <controlfield tag="005">20080312083831.0</controlfield>
    <controlfield tag="008">990828s1986                  000 0 ger d</controlfield>
    <datafield tag="035" ind1=" " ind2=" ">
      <subfield code="a">BMEOMIKK000016232</subfield>
    </datafield>
    <datafield tag="040" ind1=" " ind2=" ">
      <subfield code="a">BMEOMIKK</subfield>
    </datafield>
    <datafield tag="041" ind1="0" ind2=" ">
      <subfield code="a">ger</subfield>
    </datafield>
    <datafield tag="100" ind1="1" ind2=" ">
      <subfield code="a">Krentzien, Wulf</subfield>
    </datafield>
    <datafield tag="245" ind1="1" ind2="0">
      <subfield code="a">100 Jahre Eisenbahnen auf Rügen, 1883-1983 /</subfield>
      <subfield code="c">Verfasser Wulf Krentzien</subfield>
    </datafield>
    <datafield tag="250" ind1=" " ind2=" ">
      <subfield code="a">3. durchges. Aufl.</subfield>
    </datafield>
    <datafield tag="260" ind1=" " ind2=" ">
      <subfield code="a">Greifswald :</subfield>
      <subfield code="b">DMV,</subfield>
      <subfield code="c">[1986]</subfield>
    </datafield>
    <datafield tag="300" ind1=" " ind2=" ">
      <subfield code="a">96 p. ;</subfield>
      <subfield code="c">21 cm +</subfield>
      <subfield code="e">mell.</subfield>
    </datafield>
    <datafield tag="504" ind1=" " ind2=" ">
      <subfield code="a">Bibliogr.: p. 95-96.</subfield>
    </datafield>
    <datafield tag="852" ind1=" " ind2=" ">
      <subfield code="a">B11</subfield>
      <subfield code="b">B11</subfield>
      <subfield code="x">BMEOMIKK000016232</subfield>
    </datafield>
  </record>