
  <record>
    <leader>00768nama 22001691i 4500</leader>
    <controlfield tag="001">MOKKAS0000676895  </controlfield>
    <controlfield tag="005">20060118141543.0</controlfield>
    <controlfield tag="008">041105s1973    at            000 0 gerod</controlfield>
    <datafield tag="035" ind1=" " ind2=" ">
      <subfield code="a">1435844</subfield>
    </datafield>
    <datafield tag="040" ind1=" " ind2=" ">
      <subfield code="a">OSZK</subfield>
    </datafield>
    <datafield tag="041" ind1="0" ind2=" ">
      <subfield code="a">gerger</subfield>
    </datafield>
    <datafield tag="245" ind1="0" ind2="0">
      <subfield code="a">100 Jahre Franz Josefs-Land : </subfield>
      <subfield code="b">zur Erinnerung an die Entdeckungreise der Österreichisch-Ungarischen Nordpol-Expedition 1872-1874 unter Julius von Payer und Carl Weyprecht : Austellung : Wien, Österreichische Nationalbibliothek : katalog /</subfield>
      <subfield code="c">[org. Österreichische Geographische Gesellschaft, Österreichische Nationalbibliothek]</subfield>
    </datafield>
    <datafield tag="260" ind1=" " ind2=" ">
      <subfield code="a">Wien :</subfield>
      <subfield code="b">Österreichische Nationalbibliothek,</subfield>
      <subfield code="c">1973</subfield>
    </datafield>
    <datafield tag="300" ind1=" " ind2=" ">
      <subfield code="a">XII, 128 p., 10 t. ;</subfield>
      <subfield code="c">21 cm</subfield>
    </datafield>
    <datafield tag="490" ind1="1" ind2=" ">
      <subfield code="a">Biblos-Schriften</subfield>
      <subfield code="v">75.</subfield>
    </datafield>
    <datafield tag="830" ind1=" " ind2="0">
      <subfield code="a">Biblos-Schriften</subfield>
    </datafield>
    <datafield tag="852" ind1=" " ind2=" ">
      <subfield code="a">B1</subfield>
      <subfield code="b">B1</subfield>
      <subfield code="x">1435844</subfield>
    </datafield>
  </record>