
  <record>
    <leader>00580nama 22001811i 4500</leader>
    <controlfield tag="001">MOKKAS0000667172  </controlfield>
    <controlfield tag="005">20060616160255.0</controlfield>
    <controlfield tag="008">041105s1985    at            000 0 gerod</controlfield>
    <datafield tag="035" ind1=" " ind2=" ">
      <subfield code="a">1426075</subfield>
    </datafield>
    <datafield tag="040" ind1=" " ind2=" ">
      <subfield code="a">OSZK</subfield>
    </datafield>
    <datafield tag="041" ind1="0" ind2=" ">
      <subfield code="a">gerger</subfield>
    </datafield>
    <datafield tag="245" ind1="0" ind2="0">
      <subfield code="a">100 Jahre Freiwillige Feuerwehr Zurndorf : </subfield>
      <subfield code="b">1885-1985 /</subfield>
      <subfield code="c">[Bearb. Paul Ebner]</subfield>
    </datafield>
    <datafield tag="260" ind1=" " ind2=" ">
      <subfield code="a">Zurndorf :</subfield>
      <subfield code="b">Freiwillige Feuerwehr,</subfield>
      <subfield code="c">1985</subfield>
    </datafield>
    <datafield tag="300" ind1=" " ind2=" ">
      <subfield code="a">45 p. :</subfield>
      <subfield code="b">ill. ;</subfield>
      <subfield code="c">21x19 cm</subfield>
    </datafield>
    <datafield tag="610" ind1="2" ind2="4">
      <subfield code="a">Freiwillige Stadtfeuerwehr (Zurndorf)</subfield>
    </datafield>
    <datafield tag="651" ind1=" " ind2="4">
      <subfield code="a">Zurány</subfield>
    </datafield>
    <datafield tag="700" ind1="1" ind2=" ">
      <subfield code="a">Ebner, Paul</subfield>
      <subfield code="c">(cédulakatalógus alapján)</subfield>
      <subfield code="4">(közrem.)</subfield>
    </datafield>
    <datafield tag="852" ind1=" " ind2=" ">
      <subfield code="a">B1</subfield>
      <subfield code="b">B1</subfield>
      <subfield code="x">1426075</subfield>
    </datafield>
  </record>