
  <record>
    <leader>00688nama 22001931i 4500</leader>
    <controlfield tag="001">MOKKAS0000640854  </controlfield>
    <controlfield tag="005">20060614193645.0</controlfield>
    <controlfield tag="008">041001s1975    at            000 0 gerod</controlfield>
    <datafield tag="035" ind1=" " ind2=" ">
      <subfield code="a">1399737</subfield>
    </datafield>
    <datafield tag="040" ind1=" " ind2=" ">
      <subfield code="a">OSZK</subfield>
    </datafield>
    <datafield tag="041" ind1="0" ind2=" ">
      <subfield code="a">gerger</subfield>
    </datafield>
    <datafield tag="245" ind1="0" ind2="0">
      <subfield code="a">100 Jahre Freiwillige Feuerwehr Mattersburg : </subfield>
      <subfield code="b">1875-1975 /</subfield>
      <subfield code="c">[red. Herbert Koller]</subfield>
    </datafield>
    <datafield tag="246" ind1="1" ind2="4">
      <subfield code="a">Freiwillige Stadtfeuerwehr, Mattersburg</subfield>
      <subfield code="b">100 Jahre</subfield>
    </datafield>
    <datafield tag="260" ind1=" " ind2=" ">
      <subfield code="a">Mattersburg :</subfield>
      <subfield code="b">Freiwillige Stadtfeuerwehr Mattersburg,</subfield>
      <subfield code="c">1975</subfield>
    </datafield>
    <datafield tag="300" ind1=" " ind2=" ">
      <subfield code="a">52 p. :</subfield>
      <subfield code="b">ill. ;</subfield>
      <subfield code="c">21 cm</subfield>
    </datafield>
    <datafield tag="651" ind1=" " ind2="4">
      <subfield code="a">Nagymarton</subfield>
    </datafield>
    <datafield tag="700" ind1="1" ind2=" ">
      <subfield code="a">Koller, Herbert</subfield>
      <subfield code="c">(cédulakatalógus alapján)</subfield>
      <subfield code="4">(szerk.)</subfield>
    </datafield>
    <datafield tag="710" ind1="2" ind2=" ">
      <subfield code="a">Freiwillige Stadtfeuerwehr (Mattersburg)</subfield>
      <subfield code="4">közread.</subfield>
    </datafield>
    <datafield tag="852" ind1=" " ind2=" ">
      <subfield code="a">B1</subfield>
      <subfield code="b">B1</subfield>
      <subfield code="x">1399737</subfield>
    </datafield>
  </record>