
  <record>
    <leader>00621nama 22001811i 4500</leader>
    <controlfield tag="001">MOKKAS0000667171  </controlfield>
    <controlfield tag="005">20060616160254.0</controlfield>
    <controlfield tag="008">041105s1983    at            000 0 gerod</controlfield>
    <datafield tag="035" ind1=" " ind2=" ">
      <subfield code="a">1426074</subfield>
    </datafield>
    <datafield tag="040" ind1=" " ind2=" ">
      <subfield code="a">OSZK</subfield>
    </datafield>
    <datafield tag="041" ind1="0" ind2=" ">
      <subfield code="a">gerger</subfield>
    </datafield>
    <datafield tag="245" ind1="0" ind2="0">
      <subfield code="a">100 Jahre Freiwillige Feuerwehr Neudörfl : </subfield>
      <subfield code="b">1883-1983 /</subfield>
      <subfield code="c">[Zgest. Franz Schachinger]</subfield>
    </datafield>
    <datafield tag="260" ind1=" " ind2=" ">
      <subfield code="a">Neudörfl :</subfield>
      <subfield code="b">Freiwillige Feuerwehr,</subfield>
      <subfield code="c">1983</subfield>
    </datafield>
    <datafield tag="300" ind1=" " ind2=" ">
      <subfield code="a">47 p. :</subfield>
      <subfield code="b">ill. ;</subfield>
      <subfield code="c">21x20 cm</subfield>
    </datafield>
    <datafield tag="651" ind1=" " ind2="4">
      <subfield code="a">Lajtaszentmiklós</subfield>
    </datafield>
    <datafield tag="700" ind1="1" ind2=" ">
      <subfield code="a">Schachinger, Franz</subfield>
      <subfield code="c">(cédulakatalógus alapján)</subfield>
      <subfield code="4">(összeáll.)</subfield>
    </datafield>
    <datafield tag="710" ind1="2" ind2=" ">
      <subfield code="a">Freiwillige Stadtfeuerwehr (Neudörfl)</subfield>
      <subfield code="4">közread.</subfield>
    </datafield>
    <datafield tag="852" ind1=" " ind2=" ">
      <subfield code="a">B1</subfield>
      <subfield code="b">B1</subfield>
      <subfield code="x">1426074</subfield>
    </datafield>
  </record>