
  <record>
    <leader>00899cam  2200229 i 4500</leader>
    <controlfield tag="001">MOKKAN0003962943  </controlfield>
    <controlfield tag="005">20061106005450.0</controlfield>
    <controlfield tag="008">990115c1990    gw a          00010 ger d</controlfield>
    <datafield tag="020" ind1=" " ind2=" ">
      <subfield code="a">3 86010 306 7</subfield>
    </datafield>
    <datafield tag="035" ind1=" " ind2=" ">
      <subfield code="a">79626</subfield>
    </datafield>
    <datafield tag="040" ind1=" " ind2=" ">
      <subfield code="a">MEKLM</subfield>
    </datafield>
    <datafield tag="041" ind1="0" ind2=" ">
      <subfield code="a">ger</subfield>
    </datafield>
    <datafield tag="245" ind1="0" ind2="0">
      <subfield code="a">100 Jahre Gebäude des Physikalischen Instituts in Halle :</subfield>
      <subfield code="b">Die hallesche Physik am Ausgang des 19. Jahrhunderts /</subfield>
      <subfield code="c">hrsg. von Wolfram Hergert</subfield>
    </datafield>
    <datafield tag="260" ind1=" " ind2=" ">
      <subfield code="a">Halle (Saale) :</subfield>
      <subfield code="b">Martin-Luther Univ.,</subfield>
      <subfield code="c">1990</subfield>
    </datafield>
    <datafield tag="300" ind1=" " ind2=" ">
      <subfield code="a">34 p. :</subfield>
      <subfield code="b">ill. ;</subfield>
      <subfield code="c">21 cm</subfield>
    </datafield>
    <datafield tag="490" ind1="1" ind2=" ">
      <subfield code="a">(Beiträge zur Universitätsgeschichte)</subfield>
    </datafield>
    <datafield tag="490" ind1="1" ind2=" ">
      <subfield code="a">(Wissenschaftliche Beiträge der Martin-Luther-Universität Halle-Wittenberg ;</subfield>
      <subfield code="v">1990, 33 = 32)</subfield>
    </datafield>
    <datafield tag="650" ind1="0" ind2="4">
      <subfield code="a">egyetemtörténet</subfield>
      <subfield code="z">Halle</subfield>
      <subfield code="y">1890-1990</subfield>
    </datafield>
    <datafield tag="700" ind1="1" ind2=" ">
      <subfield code="a">Hergert, Wolfram</subfield>
    </datafield>
    <datafield tag="830" ind1=" " ind2="0">
      <subfield code="a">Beiträge zur Universitätsgeschichte</subfield>
    </datafield>
    <datafield tag="830" ind1=" " ind2="0">
      <subfield code="a">Wissenschaftliche Beiträge / Martin-Luther-Universität</subfield>
    </datafield>
    <datafield tag="852" ind1=" " ind2=" ">
      <subfield code="a">M1</subfield>
      <subfield code="b">M1</subfield>
      <subfield code="x">79626</subfield>
    </datafield>
  </record>