
  <record>
    <leader>01017nam  2200265 i 4500</leader>
    <controlfield tag="001">MOKKAW0005341569  </controlfield>
    <controlfield tag="005">20091124092718.0</controlfield>
    <controlfield tag="008">080404s2000    gw            00010 ger d</controlfield>
    <datafield tag="020" ind1=" " ind2=" ">
      <subfield code="a">3 88121 023 7</subfield>
    </datafield>
    <datafield tag="035" ind1=" " ind2=" ">
      <subfield code="a">bibJAT00728689</subfield>
    </datafield>
    <datafield tag="040" ind1=" " ind2=" ">
      <subfield code="a">SZTE</subfield>
    </datafield>
    <datafield tag="080" ind1=" " ind2=" ">
      <subfield code="a">910(43)(091)</subfield>
    </datafield>
    <datafield tag="245" ind1="0" ind2="0">
      <subfield code="a">100 Jahre Geographie an der Universität Tübingen /</subfield>
      <subfield code="c">Hrsg. Gerd Kohlhepp, Karl-Heinz Pfeffer</subfield>
    </datafield>
    <datafield tag="260" ind1=" " ind2=" ">
      <subfield code="a">Tübingen :</subfield>
      <subfield code="b">Geographisches Institut der Universität Tübingen,</subfield>
      <subfield code="c">2000</subfield>
    </datafield>
    <datafield tag="300" ind1=" " ind2=" ">
      <subfield code="a">336 p. :</subfield>
      <subfield code="b">ill. ;</subfield>
      <subfield code="c">24 cm</subfield>
    </datafield>
    <datafield tag="490" ind1="1" ind2=" ">
      <subfield code="a">(Tübinger Geographische Studien ,</subfield>
      <subfield code="x">0932-1438 ;</subfield>
      <subfield code="v">118.)</subfield>
    </datafield>
    <datafield tag="504" ind1=" " ind2=" ">
      <subfield code="a">Bibliográfiákkal</subfield>
    </datafield>
    <datafield tag="650" ind1=" " ind2="7">
      <subfield code="a">Földrajztudomány</subfield>
      <subfield code="x">Németország</subfield>
      <subfield code="x">története</subfield>
    </datafield>
    <datafield tag="650" ind1=" " ind2="7">
      <subfield code="a">Egyetemtörténet</subfield>
      <subfield code="x">Tübingen</subfield>
      <subfield code="x">tanulmányok</subfield>
      <subfield code="2">szte</subfield>
    </datafield>
    <datafield tag="650" ind1=" " ind2="7">
      <subfield code="a">Földrajztudomány</subfield>
      <subfield code="x">Németország</subfield>
      <subfield code="x">története</subfield>
      <subfield code="2">szte</subfield>
    </datafield>
    <datafield tag="650" ind1=" " ind2="7">
      <subfield code="a">Tübingen</subfield>
      <subfield code="x">egyetem</subfield>
      <subfield code="x">története</subfield>
      <subfield code="x">tanulmányok</subfield>
      <subfield code="2">szte</subfield>
    </datafield>
    <datafield tag="700" ind1="1" ind2=" ">
      <subfield code="a">Kohlhepp, Gerd</subfield>
    </datafield>
    <datafield tag="700" ind1="1" ind2=" ">
      <subfield code="a">Pfeffer, Karl-Heinz</subfield>
    </datafield>
    <datafield tag="830" ind1=" " ind2="0">
      <subfield code="a">Tübinger geographische Studien</subfield>
    </datafield>
    <datafield tag="852" ind1=" " ind2=" ">
      <subfield code="a">SZ1</subfield>
      <subfield code="b">SZ1/R2</subfield>
      <subfield code="x">bibJAT00728689</subfield>
    </datafield>
  </record>