
  <record>
    <leader>00818cam  2200241 i 4500</leader>
    <controlfield tag="001">MOKKAZ0005270383  </controlfield>
    <controlfield tag="005">20070313040106.0</controlfield>
    <controlfield tag="008">020211s1987    gw a               hgerd </controlfield>
    <datafield tag="020" ind1=" " ind2=" ">
      <subfield code="a">3 342 00843 1</subfield>
    </datafield>
    <datafield tag="035" ind1=" " ind2=" ">
      <subfield code="a">152997</subfield>
    </datafield>
    <datafield tag="040" ind1=" " ind2=" ">
      <subfield code="a">MEKLM</subfield>
    </datafield>
    <datafield tag="041" ind1=" " ind2=" ">
      <subfield code="a">ger</subfield>
    </datafield>
    <datafield tag="111" ind1="2" ind2=" ">
      <subfield code="a">Berg- und Hüttenmännischer Tag</subfield>
      <subfield code="d">(1986)</subfield>
      <subfield code="c">(Freiberg)</subfield>
    </datafield>
    <datafield tag="245" ind1="1" ind2="0">
      <subfield code="a">100 Jahre Germanium :</subfield>
      <subfield code="b">Vorträge zum Berg- und Hüttenmännischen Tag 1986 in Freiberg : Kolloquium 1 /</subfield>
      <subfield code="c">Leitung H. H. Emons</subfield>
    </datafield>
    <datafield tag="260" ind1="0" ind2="0">
      <subfield code="a">Leipzig :</subfield>
      <subfield code="b">DVG,</subfield>
      <subfield code="c">1987</subfield>
    </datafield>
    <datafield tag="300" ind1=" " ind2=" ">
      <subfield code="a">190 p. :</subfield>
      <subfield code="b">ill. ;</subfield>
      <subfield code="c">22 cm</subfield>
    </datafield>
    <datafield tag="490" ind1="1" ind2=" ">
      <subfield code="a">(Freiberger Forschungshefte. Reihe A.,</subfield>
      <subfield code="x">0071-9390 ;</subfield>
      <subfield code="v">767.)</subfield>
    </datafield>
    <datafield tag="504" ind1=" " ind2=" ">
      <subfield code="a">Bibliogr. az előadások végén,</subfield>
    </datafield>
    <datafield tag="650" ind1="0" ind2="4">
      <subfield code="a">germánium</subfield>
    </datafield>
    <datafield tag="650" ind1="0" ind2="4">
      <subfield code="a">germániumkohászat</subfield>
    </datafield>
    <datafield tag="700" ind1="1" ind2=" ">
      <subfield code="a">Emons, Hans-Heinz</subfield>
    </datafield>
    <datafield tag="830" ind1=" " ind2="0">
      <subfield code="a">Freiberger Forschungshefte</subfield>
    </datafield>
    <datafield tag="852" ind1=" " ind2=" ">
      <subfield code="a">M1</subfield>
      <subfield code="b">M1</subfield>
      <subfield code="x">152997</subfield>
    </datafield>
  </record>