
  <record>
    <leader>00724cam  2200193 ar4500</leader>
    <controlfield tag="001">MOKKAZ0005368119  </controlfield>
    <controlfield tag="005">20040910174303.0</controlfield>
    <controlfield tag="008">980325c        AT            00010 ger d</controlfield>
    <datafield tag="035" ind1=" " ind2=" ">
      <subfield code="a">13971</subfield>
    </datafield>
    <datafield tag="040" ind1=" " ind2=" ">
      <subfield code="a">SEKK</subfield>
    </datafield>
    <datafield tag="041" ind1="0" ind2=" ">
      <subfield code="a">ger</subfield>
    </datafield>
    <datafield tag="245" ind1="1" ind2="0">
      <subfield code="a">100 Jahre Hochschule für Bodenkultur in Wien, 1872-1972</subfield>
      <subfield code="b">/</subfield>
      <subfield code="c">Hrsg. vom Professorenkollegium der Hochschule für Bodenkultur in Wien</subfield>
    </datafield>
    <datafield tag="260" ind1="0" ind2="0">
      <subfield code="a">Wien :</subfield>
      <subfield code="b">(Prof. Hochschule für Bodenkult.),</subfield>
      <subfield code="c">1972.</subfield>
    </datafield>
    <datafield tag="300" ind1=" " ind2=" ">
      <subfield code="a">(1 db.) ;</subfield>
      <subfield code="c">25 cm.</subfield>
    </datafield>
    <datafield tag="650" ind1="1" ind2="4">
      <subfield code="a">Almanacs</subfield>
      <subfield code="x">History</subfield>
      <subfield code="x">Agriculture</subfield>
      <subfield code="x">Education</subfield>
    </datafield>
    <datafield tag="650" ind1="1" ind2="4">
      <subfield code="a">Évkönyvek</subfield>
      <subfield code="x">Történet</subfield>
      <subfield code="x">Mezőgazdaság</subfield>
      <subfield code="x">Oktatás</subfield>
    </datafield>
    <datafield tag="710" ind1="2" ind2="0">
      <subfield code="a">Hochschule für Bodenkultur in Wien</subfield>
      <subfield code="b">Professorenkollegium</subfield>
    </datafield>
    <datafield tag="740" ind1="0" ind2=" ">
      <subfield code="a">1. Band., 100-Jahr-Bericht</subfield>
    </datafield>
    <datafield tag="852" ind1=" " ind2=" ">
      <subfield code="a">B13</subfield>
      <subfield code="b">B13</subfield>
      <subfield code="x">13971</subfield>
    </datafield>
  </record>