
  <record>
    <leader>00528nam  22001451ir4500</leader>
    <controlfield tag="001">MOKKAS0003659554  </controlfield>
    <controlfield tag="005">20060614042231.0</controlfield>
    <controlfield tag="008">991102s1973    au            00010 ger d</controlfield>
    <datafield tag="035" ind1=" " ind2=" ">
      <subfield code="a">bibSEF00018712</subfield>
    </datafield>
    <datafield tag="040" ind1=" " ind2=" ">
      <subfield code="a">NYME</subfield>
    </datafield>
    <datafield tag="245" ind1="0" ind2="0">
      <subfield code="a">100 Jahre Hochschule für Bodemkultur in Wien :</subfield>
      <subfield code="b">1872-1972 /</subfield>
      <subfield code="c">hrsg. Professorenkollegium der Hochschule für Bodenkultur Wien</subfield>
    </datafield>
    <datafield tag="260" ind1=" " ind2=" ">
      <subfield code="a">Wien :</subfield>
      <subfield code="b">Hochschule für Bodenkultur,</subfield>
      <subfield code="c">1973</subfield>
    </datafield>
    <datafield tag="300" ind1=" " ind2=" ">
      <subfield code="c">24 cm</subfield>
    </datafield>
    <datafield tag="710" ind1="2" ind2=" ">
      <subfield code="a">Professorenkollegium für Hochschule für Bodenkultur Wien</subfield>
    </datafield>
    <datafield tag="852" ind1=" " ind2=" ">
      <subfield code="a">S1</subfield>
      <subfield code="b">S1</subfield>
      <subfield code="x">bibSEF00018712</subfield>
    </datafield>
  </record>