
  <record>
    <leader>00463nam  2200157 i 4500</leader>
    <controlfield tag="001">MOKKAZ0004968367  </controlfield>
    <controlfield tag="005">20040910122245.0</controlfield>
    <controlfield tag="008">010622s1937    sz                  ger d</controlfield>
    <datafield tag="035" ind1=" " ind2=" ">
      <subfield code="a">bibPOT79239</subfield>
    </datafield>
    <datafield tag="040" ind1=" " ind2=" ">
      <subfield code="a">PTE</subfield>
    </datafield>
    <datafield tag="100" ind1="1" ind2=" ">
      <subfield code="a">Niehans, Paul</subfield>
      <subfield code="d">(1882-)</subfield>
    </datafield>
    <datafield tag="245" ind1="1" ind2="0">
      <subfield code="a">100 Jahre hormonale Behandlung der Prostata-Hypertrophie /</subfield>
      <subfield code="c">von Paul Niehans</subfield>
    </datafield>
    <datafield tag="260" ind1=" " ind2=" ">
      <subfield code="a">Bern :</subfield>
      <subfield code="b">Huber,</subfield>
      <subfield code="c">1937</subfield>
    </datafield>
    <datafield tag="300" ind1=" " ind2=" ">
      <subfield code="a">15 p. ;</subfield>
      <subfield code="c">22 cm</subfield>
    </datafield>
    <datafield tag="650" ind1=" " ind2="4">
      <subfield code="a">prosztata</subfield>
      <subfield code="x">hypertrophia</subfield>
    </datafield>
    <datafield tag="852" ind1=" " ind2=" ">
      <subfield code="a">P1</subfield>
      <subfield code="b">P1</subfield>
      <subfield code="x">bibPOT79239</subfield>
    </datafield>
  </record>