
  <record>
    <leader>00812cam  22002414a 4500</leader>
    <controlfield tag="001">MOKKAW0005645150  </controlfield>
    <controlfield tag="005">20080416163054.0</controlfield>
    <controlfield tag="008">020605s1999    gw       l    000 0 ger d</controlfield>
    <datafield tag="020" ind1=" " ind2=" ">
      <subfield code="a">3 7819 2846 2</subfield>
    </datafield>
    <datafield tag="035" ind1=" " ind2=" ">
      <subfield code="a">bibJPT00463165</subfield>
    </datafield>
    <datafield tag="040" ind1=" " ind2=" ">
      <subfield code="a">PTE</subfield>
    </datafield>
    <datafield tag="245" ind1="0" ind2="0">
      <subfield code="a">100 Jahre Hypothekenbankgesetz :</subfield>
      <subfield code="b">Textsammlung und Materialien /</subfield>
      <subfield code="c">hrsg. vom Verband Deutscher Hypothekenbanken</subfield>
    </datafield>
    <datafield tag="246" ind1="3" ind2=" ">
      <subfield code="a">Hundert Jahre Hypothekenbankgesetz</subfield>
    </datafield>
    <datafield tag="260" ind1=" " ind2=" ">
      <subfield code="a">Frankfurt am Main :</subfield>
      <subfield code="b">Knapp,</subfield>
      <subfield code="c">c1999</subfield>
    </datafield>
    <datafield tag="300" ind1=" " ind2=" ">
      <subfield code="a">X, 741 p. ;</subfield>
      <subfield code="c">25 cm</subfield>
    </datafield>
    <datafield tag="695" ind1=" " ind2="0">
      <subfield code="a">Mortgage banks</subfield>
      <subfield code="x">Law and legislation</subfield>
      <subfield code="z">Germany</subfield>
      <subfield code="x">Legislative history</subfield>
    </datafield>
    <datafield tag="695" ind1=" " ind2=" ">
      <subfield code="a">Jogtörténet</subfield>
    </datafield>
    <datafield tag="695" ind1=" " ind2=" ">
      <subfield code="a">Jelzálogjog</subfield>
    </datafield>
    <datafield tag="695" ind1=" " ind2=" ">
      <subfield code="a">Jelzálogbank</subfield>
    </datafield>
    <datafield tag="695" ind1=" " ind2=" ">
      <subfield code="a">Jogi szabályozás</subfield>
    </datafield>
    <datafield tag="695" ind1=" " ind2=" ">
      <subfield code="a">Dokumnetumok</subfield>
    </datafield>
    <datafield tag="710" ind1="2" ind2=" ">
      <subfield code="a">Verband Deutscher Hypothekenbanken</subfield>
    </datafield>
    <datafield tag="852" ind1=" " ind2=" ">
      <subfield code="a">P1</subfield>
      <subfield code="b">P1/BR</subfield>
      <subfield code="x">bibJPT00463165</subfield>
    </datafield>
  </record>