
  <record>
    <leader>00863nama 22002051i 4500</leader>
    <controlfield tag="001">MOKKAS0000664745  </controlfield>
    <controlfield tag="005">20060616155622.0</controlfield>
    <controlfield tag="008">041105s1966    at            000 0 gerod</controlfield>
    <datafield tag="035" ind1=" " ind2=" ">
      <subfield code="a">1423643</subfield>
    </datafield>
    <datafield tag="040" ind1=" " ind2=" ">
      <subfield code="a">OSZK</subfield>
    </datafield>
    <datafield tag="041" ind1="0" ind2=" ">
      <subfield code="a">gerger</subfield>
    </datafield>
    <datafield tag="245" ind1="0" ind2="0">
      <subfield code="a">100 Jahre im Besitz der Familie Salzer : </subfield>
      <subfield code="b">Carl Ueberreuter Druck und Verlag : [Festschrift] /</subfield>
      <subfield code="c">[Red. Thomas F. Salzer, Otto Mang, Ingrid Weixelbaumer]</subfield>
    </datafield>
    <datafield tag="260" ind1=" " ind2=" ">
      <subfield code="a">Wien :</subfield>
      <subfield code="b">Ueberreuter,</subfield>
      <subfield code="c">1966</subfield>
    </datafield>
    <datafield tag="300" ind1=" " ind2=" ">
      <subfield code="a">[72] fol. :</subfield>
      <subfield code="b">ill. ;</subfield>
      <subfield code="c">22x22 cm</subfield>
    </datafield>
    <datafield tag="600" ind1="2" ind2="4">
      <subfield code="a">Carl Ueberreuter Druck und Verlag</subfield>
      <subfield code="c">(Wien)</subfield>
      <subfield code="c">(cédulakatalógus alapján)</subfield>
    </datafield>
    <datafield tag="600" ind1="3" ind2="4">
      <subfield code="a">Salzer család</subfield>
      <subfield code="c">(cédulakatalógus alapján)</subfield>
    </datafield>
    <datafield tag="700" ind1="1" ind2=" ">
      <subfield code="a">Mang, Otto</subfield>
      <subfield code="c">(cédulakatalógus alapján)</subfield>
      <subfield code="4">(szerk.)</subfield>
    </datafield>
    <datafield tag="700" ind1="1" ind2=" ">
      <subfield code="a">Salzer, Thomas F.</subfield>
      <subfield code="c">(cédulakatalógus alapján)</subfield>
      <subfield code="4">(szerk.)</subfield>
    </datafield>
    <datafield tag="700" ind1="1" ind2=" ">
      <subfield code="a">Weixelbaumer, Ingrid</subfield>
      <subfield code="c">(cédulakatalógus alapján)</subfield>
      <subfield code="4">(szerk.)</subfield>
    </datafield>
    <datafield tag="852" ind1=" " ind2=" ">
      <subfield code="a">B1</subfield>
      <subfield code="b">B1</subfield>
      <subfield code="x">1423643</subfield>
    </datafield>
  </record>