
  <record>
    <leader>00911nam  2200241   4500</leader>
    <controlfield tag="001">MOKKAZ0003999526  </controlfield>
    <controlfield tag="005">20040910015859.0</controlfield>
    <controlfield tag="008">970423 1996    gw            00010 ger  </controlfield>
    <datafield tag="020" ind1=" " ind2=" ">
      <subfield code="a">3 86082 021 4</subfield>
    </datafield>
    <datafield tag="035" ind1=" " ind2=" ">
      <subfield code="a">bibJAT00266680</subfield>
    </datafield>
    <datafield tag="040" ind1=" " ind2=" ">
      <subfield code="a">SZTE</subfield>
    </datafield>
    <datafield tag="245" ind1="1" ind2="0">
      <subfield code="a">100 Jahre Institut für Länderkunde : 1896-1996 :</subfield>
      <subfield code="b">Entwicklung und Perspektiven : Festschrift /</subfield>
      <subfield code="c">Hrsg. Alois Mayr, Frank-Dieter Grimm, S. Tzschaschel</subfield>
    </datafield>
    <datafield tag="260" ind1=" " ind2=" ">
      <subfield code="a">Leipzig :</subfield>
      <subfield code="b">Institut für Länderkunde,</subfield>
      <subfield code="c">1996</subfield>
    </datafield>
    <datafield tag="300" ind1=" " ind2=" ">
      <subfield code="a">160 p. ;</subfield>
      <subfield code="c">30 cm</subfield>
    </datafield>
    <datafield tag="490" ind1="1" ind2=" ">
      <subfield code="a">(Beiträge zur Regionalen Geographie ;</subfield>
      <subfield code="v">40.)</subfield>
    </datafield>
    <datafield tag="504" ind1=" " ind2=" ">
      <subfield code="a">Bibl. a jegyzetekben</subfield>
    </datafield>
    <datafield tag="650" ind1=" " ind2="7">
      <subfield code="a">Földrajztudomány</subfield>
      <subfield code="x">német</subfield>
      <subfield code="y">20. sz.</subfield>
      <subfield code="x">tanulmányok</subfield>
      <subfield code="2">szte</subfield>
    </datafield>
    <datafield tag="650" ind1=" " ind2="7">
      <subfield code="a">Leipzig</subfield>
      <subfield code="x">földrajztudományi kutatóintézet</subfield>
      <subfield code="2">szte</subfield>
    </datafield>
    <datafield tag="700" ind1="1" ind2=" ">
      <subfield code="a">Mayr, Alois</subfield>
    </datafield>
    <datafield tag="700" ind1="1" ind2=" ">
      <subfield code="a">Grimm, Frank-Dieter</subfield>
    </datafield>
    <datafield tag="700" ind1="1" ind2=" ">
      <subfield code="a">Tzschaschel, Sabine</subfield>
    </datafield>
    <datafield tag="830" ind1=" " ind2="0">
      <subfield code="a">Beiträge zur regionalen Geographie</subfield>
    </datafield>
    <datafield tag="852" ind1=" " ind2=" ">
      <subfield code="a">SZ1</subfield>
      <subfield code="b">SZ1</subfield>
      <subfield code="x">bibJAT00266680</subfield>
    </datafield>
  </record>