
  <record>
    <leader>00510nama 22001571i 4500</leader>
    <controlfield tag="001">MOKKAS0000826062  </controlfield>
    <controlfield tag="005">20060617015950.0</controlfield>
    <controlfield tag="008">041124s1916    de            000 0 gerod</controlfield>
    <datafield tag="035" ind1=" " ind2=" ">
      <subfield code="a">1585351</subfield>
    </datafield>
    <datafield tag="040" ind1=" " ind2=" ">
      <subfield code="a">OSZK</subfield>
    </datafield>
    <datafield tag="041" ind1="0" ind2=" ">
      <subfield code="a">gerger</subfield>
    </datafield>
    <datafield tag="100" ind1="1" ind2=" ">
      <subfield code="a">Hartmann, Ludo M.</subfield>
      <subfield code="c">(cédulakatalógus alapján)</subfield>
    </datafield>
    <datafield tag="245" ind1="1" ind2="0">
      <subfield code="a">100 Jahre italienischer Geschichte 1815-1915 : </subfield>
      <subfield code="b">die Grundlagen des modernen Italien /</subfield>
      <subfield code="c">Ludo M. Hartmann</subfield>
    </datafield>
    <datafield tag="260" ind1=" " ind2=" ">
      <subfield code="a">München :</subfield>
      <subfield code="b">Georg Müller,</subfield>
      <subfield code="c">1916</subfield>
    </datafield>
    <datafield tag="300" ind1=" " ind2=" ">
      <subfield code="a">215, [3] p. ;</subfield>
      <subfield code="c">22 cm</subfield>
    </datafield>
    <datafield tag="852" ind1=" " ind2=" ">
      <subfield code="a">B1</subfield>
      <subfield code="b">B1</subfield>
      <subfield code="x">1585351</subfield>
    </datafield>
  </record>