
  <record>
    <leader>02126njm  2200289  r4500</leader>
    <controlfield tag="001">MOKKAZ0004683580  </controlfield>
    <controlfield tag="005">20040910092413.0</controlfield>
    <controlfield tag="008">000211s2001                        und d</controlfield>
    <datafield tag="028" ind1=" " ind2=" ">
      <subfield code="a">CD 312.845</subfield>
    </datafield>
    <datafield tag="035" ind1=" " ind2=" ">
      <subfield code="a">bibFSZ686752</subfield>
    </datafield>
    <datafield tag="040" ind1=" " ind2=" ">
      <subfield code="a">FSZEK</subfield>
    </datafield>
    <datafield tag="100" ind1="1" ind2=" ">
      <subfield code="a">Strauss, Johann ifj.</subfield>
      <subfield code="d">(1825-1899)</subfield>
    </datafield>
    <datafield tag="245" ind1="1" ind2="0">
      <subfield code="a">100 Jahre Johann Strauss</subfield>
      <subfield code="h">[Hangfelvétel] /</subfield>
      <subfield code="c">Wiener Volksopern Orchester [et al.] ; dir.: Hans Hagen [et al.]</subfield>
    </datafield>
    <datafield tag="246" ind1=" " ind2="8">
      <subfield code="a">Strauss-Walzer</subfield>
    </datafield>
    <datafield tag="260" ind1=" " ind2=" ">
      <subfield code="a">[S.l.] :</subfield>
      <subfield code="b">Euro Trend,</subfield>
      <subfield code="c">[2001]</subfield>
    </datafield>
    <datafield tag="300" ind1=" " ind2=" ">
      <subfield code="a">3 CD ;</subfield>
      <subfield code="c">12 cm +</subfield>
      <subfield code="e">3 t.</subfield>
    </datafield>
    <datafield tag="500" ind1=" " ind2=" ">
      <subfield code="a">Közös papírtokban</subfield>
    </datafield>
    <datafield tag="505" ind1="0" ind2="0">
      <subfield code="g">CD 1.:</subfield>
      <subfield code="t">An der schönen blauen Donau ;</subfield>
      <subfield code="t">Frühlingsstimmen-Walzer, op. 410 ;</subfield>
      <subfield code="t">Morgenblätter-Walzer, op. 279 ;</subfield>
      <subfield code="t">G'schichten aus dem Wienerwald op. 325 ;</subfield>
      <subfield code="t">Künstlerleben, op. 316 ;</subfield>
      <subfield code="t">Wo die Zitronen blüh'n, op. 364 ;</subfield>
      <subfield code="t">Wiener Bonbons ;</subfield>
      <subfield code="t">Seid umschlungen Millionen ;</subfield>
      <subfield code="t">Wein, Weib und Gesang, op. 333 ;</subfield>
      <subfield code="t">Wiener Blut, op. 354 ;</subfield>
      <subfield code="t">Rosen aus dem Süden, op. 388 ;</subfield>
      <subfield code="t">Kaiser-Walzer, op. 437</subfield>
    </datafield>
    <datafield tag="505" ind1="0" ind2="0">
      <subfield code="g">CD 2.:</subfield>
      <subfield code="t">Dorfschwalben, op. 164 ;</subfield>
      <subfield code="t">Leichtes Blut, op. 319 Polka schnell ;</subfield>
      <subfield code="t">Tritsch-Tratsch-Polka ;</subfield>
      <subfield code="t">Unter Donner und Blitz ;</subfield>
      <subfield code="t">Vergnügungszug, op. 281 Polka schnell ;</subfield>
      <subfield code="t">Accelerationen, op. 234 Walzer ;</subfield>
      <subfield code="t">Bahn frei, op. 45 Schnellpolka ;</subfield>
      <subfield code="t">Radetzkymarsch, op. 228 ;</subfield>
      <subfield code="t">Loreley-Rheinklänge, op. 154 Walzer ;</subfield>
      <subfield code="t">Unter der Enns, op. 121 Polka schnell ;</subfield>
      <subfield code="t">Persischer Marsch, op. 298 Walzer ;</subfield>
      <subfield code="t">Ouvertüre aus dem "Zigeunerbaron" ;</subfield>
      <subfield code="t">Intermezzo aus "1.001 Nacht"</subfield>
    </datafield>
    <datafield tag="505" ind1="0" ind2="0">
      <subfield code="g">CD 3.:</subfield>
      <subfield code="t">Einzugsmarch aus dem "Zigeunerbaron" op. 327 ;</subfield>
      <subfield code="t">Schatzwalzer, op. 418 ;</subfield>
      <subfield code="t">Éljen a magyar - Ung. Polka schnell. op. 332 ;</subfield>
      <subfield code="t">Perpetuum Mobile, musik. Scherz, op. 257 ;</subfield>
      <subfield code="t">Die Fledermaus / Ouvertüre ;</subfield>
      <subfield code="t">Annen-Polka ;</subfield>
      <subfield code="t">Liebeslieder-Walzer, op. 114 ;</subfield>
      <subfield code="t">Pizzicato-Polka ;</subfield>
      <subfield code="t">'Enfantillage, op. 202 ;</subfield>
      <subfield code="t">Champagner-Polka, op. 211 ;</subfield>
      <subfield code="t">Regata Galopp, op. 134 ;</subfield>
      <subfield code="t">Sommernachtstraum-Galopp, op. 297 ;</subfield>
      <subfield code="t">Gallopin-Polka, op. 297 ;</subfield>
      <subfield code="t">Morgenblätter-Walzer, op. 279</subfield>
    </datafield>
    <datafield tag="695" ind1=" " ind2="1">
      <subfield code="a">komolyzene</subfield>
    </datafield>
    <datafield tag="695" ind1=" " ind2="1">
      <subfield code="a">polka</subfield>
    </datafield>
    <datafield tag="695" ind1=" " ind2="1">
      <subfield code="a">keringő</subfield>
    </datafield>
    <datafield tag="700" ind1="1" ind2=" ">
      <subfield code="a">Strauss, Johann</subfield>
      <subfield code="d">(1804-1849)</subfield>
    </datafield>
    <datafield tag="700" ind1="1" ind2=" ">
      <subfield code="a">Hagen, Hans</subfield>
      <subfield code="4">karmester</subfield>
    </datafield>
    <datafield tag="710" ind1="2" ind2=" ">
      <subfield code="a">Orchester der Wiener Volksoper</subfield>
      <subfield code="4">közrem.</subfield>
    </datafield>
    <datafield tag="852" ind1=" " ind2=" ">
      <subfield code="a">B10</subfield>
      <subfield code="B">0403</subfield>
      <subfield code="b">1304</subfield>
      <subfield code="x">bibFSZ686752</subfield>
    </datafield>
  </record>