
  <record>
    <leader>00640nam  2200181 i 4500</leader>
    <controlfield tag="001">MOKKAW0005796573  </controlfield>
    <controlfield tag="005">20080419014706.0</controlfield>
    <controlfield tag="008">041022s19981998de            000 0 ger d</controlfield>
    <datafield tag="035" ind1=" " ind2=" ">
      <subfield code="a">BMEOMIKK000460577</subfield>
    </datafield>
    <datafield tag="040" ind1=" " ind2=" ">
      <subfield code="a">BMEOMIKK</subfield>
    </datafield>
    <datafield tag="041" ind1="0" ind2=" ">
      <subfield code="a">ger</subfield>
    </datafield>
    <datafield tag="245" ind1="0" ind2="0">
      <subfield code="a">100 Jahre Kunst im Aufbruch : </subfield>
      <subfield code="b">die Sammlung der Berlinischen Galerie /</subfield>
      <subfield code="c">[Katalogautoren Eva-Maria Amberger et al.]</subfield>
    </datafield>
    <datafield tag="260" ind1=" " ind2=" ">
      <subfield code="a">Bonn :</subfield>
      <subfield code="b">Kunst- und Ausstellungshalle der Bundesrepublik Deutschland [etc.],</subfield>
      <subfield code="c">cop. 1998</subfield>
    </datafield>
    <datafield tag="300" ind1=" " ind2=" ">
      <subfield code="a">351 p. ;</subfield>
      <subfield code="c">28 cm</subfield>
    </datafield>
    <datafield tag="504" ind1=" " ind2=" ">
      <subfield code="a">Bibliogr.: p. 339-350.</subfield>
    </datafield>
    <datafield tag="610" ind1="2" ind2="4">
      <subfield code="a">Berlinische Galerie</subfield>
    </datafield>
    <datafield tag="700" ind1="1" ind2=" ">
      <subfield code="a">Amberger, Eva-Maria</subfield>
    </datafield>
    <datafield tag="852" ind1=" " ind2=" ">
      <subfield code="a">B11</subfield>
      <subfield code="b">B11</subfield>
      <subfield code="x">BMEOMIKK000460577</subfield>
    </datafield>
  </record>