
  <record>
    <leader>00666nama 22001691i 4500</leader>
    <controlfield tag="001">MOKKAS0000708172  </controlfield>
    <controlfield tag="005">20060616211731.0</controlfield>
    <controlfield tag="008">041105s1971    de            000 0 gerod</controlfield>
    <datafield tag="035" ind1=" " ind2=" ">
      <subfield code="a">1467183</subfield>
    </datafield>
    <datafield tag="040" ind1=" " ind2=" ">
      <subfield code="a">OSZK</subfield>
    </datafield>
    <datafield tag="041" ind1="0" ind2=" ">
      <subfield code="a">gerger</subfield>
    </datafield>
    <datafield tag="245" ind1="0" ind2="0">
      <subfield code="a">100 Jahre Kunst in Ungarn : </subfield>
      <subfield code="b">[Ausstellung] : [Dortmund, Museum am Ostwall], 1. Mai - 27. Juni 1971 : [Katalog] /</subfield>
      <subfield code="c">[Einl. István Solymár, Lóránd Bereczky]</subfield>
    </datafield>
    <datafield tag="260" ind1=" " ind2=" ">
      <subfield code="a">Dortmund :</subfield>
      <subfield code="b">Druck Cramers Kunstanstalt,</subfield>
      <subfield code="c">1971</subfield>
    </datafield>
    <datafield tag="300" ind1=" " ind2=" ">
      <subfield code="a">96 p. :</subfield>
      <subfield code="b">ill. ;</subfield>
      <subfield code="c">27 cm</subfield>
    </datafield>
    <datafield tag="700" ind1="1" ind2=" ">
      <subfield code="a">Bereczky Lóránd</subfield>
      <subfield code="c">(cédulakatalógus alapján)</subfield>
      <subfield code="4">(közrem.)</subfield>
    </datafield>
    <datafield tag="700" ind1="1" ind2=" ">
      <subfield code="a">Solymár István</subfield>
      <subfield code="c">(cédulakatalógus alapján)</subfield>
      <subfield code="4">(közrem.)</subfield>
    </datafield>
    <datafield tag="852" ind1=" " ind2=" ">
      <subfield code="a">B1</subfield>
      <subfield code="b">B1</subfield>
      <subfield code="x">1467183</subfield>
    </datafield>
  </record>