
  <record>
    <leader>00580nama 22001691i 4500</leader>
    <controlfield tag="001">MOKKAS0000671979  </controlfield>
    <controlfield tag="005">20060616173446.0</controlfield>
    <controlfield tag="008">041105s1967    at            000 0 gerod</controlfield>
    <datafield tag="035" ind1=" " ind2=" ">
      <subfield code="a">1430928</subfield>
    </datafield>
    <datafield tag="040" ind1=" " ind2=" ">
      <subfield code="a">OSZK</subfield>
    </datafield>
    <datafield tag="041" ind1="0" ind2=" ">
      <subfield code="a">gerger</subfield>
    </datafield>
    <datafield tag="245" ind1="0" ind2="0">
      <subfield code="a">100 Jahre Landwirtschafts-Ministerium : </subfield>
      <subfield code="b">eine Festschrift /</subfield>
      <subfield code="c">[Hrsg. Bundesministerium für Land- und Forstwirtschaft]</subfield>
    </datafield>
    <datafield tag="260" ind1=" " ind2=" ">
      <subfield code="a">Wien :</subfield>
      <subfield code="b">Österr. Agrarverl.,</subfield>
      <subfield code="c">1967</subfield>
    </datafield>
    <datafield tag="300" ind1=" " ind2=" ">
      <subfield code="a">507 p. :</subfield>
      <subfield code="b">ill. ;</subfield>
      <subfield code="c">25 cm</subfield>
    </datafield>
    <datafield tag="504" ind1=" " ind2=" ">
      <subfield code="a">Bibliogr.: p. 483-505.</subfield>
    </datafield>
    <datafield tag="610" ind1="1" ind2="4">
      <subfield code="a">Ausztria.</subfield>
      <subfield code="b">Bundesministerium für Land- und Forstwirtschaft</subfield>
    </datafield>
    <datafield tag="852" ind1=" " ind2=" ">
      <subfield code="a">B1</subfield>
      <subfield code="b">B1</subfield>
      <subfield code="x">1430928</subfield>
    </datafield>
  </record>