
  <record>
    <leader>00497nama 22001571i 4500</leader>
    <controlfield tag="001">MOKKAS0000647796  </controlfield>
    <controlfield tag="005">20060614201205.0</controlfield>
    <controlfield tag="008">041001s1956    de            000 0 gerod</controlfield>
    <datafield tag="035" ind1=" " ind2=" ">
      <subfield code="a">1406693</subfield>
    </datafield>
    <datafield tag="040" ind1=" " ind2=" ">
      <subfield code="a">OSZK</subfield>
    </datafield>
    <datafield tag="041" ind1="0" ind2=" ">
      <subfield code="a">gerger</subfield>
    </datafield>
    <datafield tag="245" ind1="0" ind2="0">
      <subfield code="a">100 Jahre Langenscheidt [KG. Verlagsbuchhandlung] /</subfield>
      <subfield code="c">[Text J. Garlip]</subfield>
    </datafield>
    <datafield tag="260" ind1=" " ind2=" ">
      <subfield code="a">Berlin-Schöneberg :</subfield>
      <subfield code="b">Langenscheidt,</subfield>
      <subfield code="c">[1956]</subfield>
    </datafield>
    <datafield tag="300" ind1=" " ind2=" ">
      <subfield code="a">107 p., 3 t. ;</subfield>
      <subfield code="c">22 cm</subfield>
    </datafield>
    <datafield tag="700" ind1="1" ind2=" ">
      <subfield code="a">Garlip, J.</subfield>
      <subfield code="c">(cédulakatalógus alapján)</subfield>
      <subfield code="4">(szövegíró)</subfield>
    </datafield>
    <datafield tag="852" ind1=" " ind2=" ">
      <subfield code="a">B1</subfield>
      <subfield code="b">B1</subfield>
      <subfield code="x">1406693</subfield>
    </datafield>
  </record>