
  <record>
    <leader>00679nam  2200205   4500</leader>
    <controlfield tag="001">MOKKAZ0004897043  </controlfield>
    <controlfield tag="005">20040910114258.0</controlfield>
    <controlfield tag="008">010515m1992    sz            00010 ger d</controlfield>
    <datafield tag="020" ind1=" " ind2=" ">
      <subfield code="a">3-251-00193-0</subfield>
    </datafield>
    <datafield tag="035" ind1=" " ind2=" ">
      <subfield code="a">bibJPT00182514</subfield>
    </datafield>
    <datafield tag="040" ind1=" " ind2=" ">
      <subfield code="a">PTE</subfield>
    </datafield>
    <datafield tag="041" ind1=" " ind2=" ">
      <subfield code="a">ger</subfield>
    </datafield>
    <datafield tag="245" ind1="0" ind2="0">
      <subfield code="a">100 Jahre Lyrik :</subfield>
      <subfield code="b">Deutsche Gedichte aus zehn Jahrzehnten /</subfield>
      <subfield code="c">Ausgesucht, vorgelegt und mit einem Nachwort begründet von Axel Marquardt</subfield>
    </datafield>
    <datafield tag="260" ind1=" " ind2=" ">
      <subfield code="a">Zürich :</subfield>
      <subfield code="b">Haffmans Verlag,</subfield>
      <subfield code="c">1992</subfield>
    </datafield>
    <datafield tag="300" ind1=" " ind2=" ">
      <subfield code="a">681 p. ;</subfield>
      <subfield code="c">22 cm</subfield>
    </datafield>
    <datafield tag="490" ind1="1" ind2=" ">
      <subfield code="a">(Haffman's handliche Hausbücher)</subfield>
    </datafield>
    <datafield tag="695" ind1=" " ind2=" ">
      <subfield code="a">Literatur, Lyrik</subfield>
    </datafield>
    <datafield tag="700" ind1="1" ind2=" ">
      <subfield code="a">Marquardt, Axel</subfield>
    </datafield>
    <datafield tag="830" ind1=" " ind2="0">
      <subfield code="a">Haffman's handliche Hausbücher</subfield>
    </datafield>
    <datafield tag="852" ind1=" " ind2=" ">
      <subfield code="a">P1</subfield>
      <subfield code="b">P1/DB</subfield>
      <subfield code="x">bibJPT00182514</subfield>
    </datafield>
  </record>