
  <record>
    <leader>00657nam  2200181 i 4500</leader>
    <controlfield tag="001">MOKKAW0005797112  </controlfield>
    <controlfield tag="005">20080419015749.0</controlfield>
    <controlfield tag="008">041116s2001    de            000 0 ger d</controlfield>
    <datafield tag="020" ind1=" " ind2=" ">
      <subfield code="a">3-89365-916-1</subfield>
    </datafield>
    <datafield tag="035" ind1=" " ind2=" ">
      <subfield code="a">BMEOMIKK000461141</subfield>
    </datafield>
    <datafield tag="040" ind1=" " ind2=" ">
      <subfield code="a">BMEOMIKK</subfield>
    </datafield>
    <datafield tag="041" ind1="0" ind2=" ">
      <subfield code="a">ger</subfield>
    </datafield>
    <datafield tag="245" ind1="0" ind2="0">
      <subfield code="a">100 Jahre Mercedes : </subfield>
      <subfield code="b">[legendäre Autos, faszinierende Technik, berühmte Personen von 1901 bis heute ; mit kompletter Baureihen-Übersicht und ausführlichem Serviceteil] /</subfield>
      <subfield code="c">[Hrsg. Franz-Christoph Heel]</subfield>
    </datafield>
    <datafield tag="260" ind1=" " ind2=" ">
      <subfield code="a">Königswinter :</subfield>
      <subfield code="b">Heel,</subfield>
      <subfield code="c">2001</subfield>
    </datafield>
    <datafield tag="300" ind1=" " ind2=" ">
      <subfield code="a">200 p. ;</subfield>
      <subfield code="c">30 cm</subfield>
    </datafield>
    <datafield tag="653" ind1=" " ind2=" ">
      <subfield code="a">Mercedes-Benz</subfield>
    </datafield>
    <datafield tag="700" ind1="1" ind2=" ">
      <subfield code="a">Heel, Franz-Christop</subfield>
    </datafield>
    <datafield tag="852" ind1=" " ind2=" ">
      <subfield code="a">B11</subfield>
      <subfield code="b">B11</subfield>
      <subfield code="x">BMEOMIKK000461141</subfield>
    </datafield>
  </record>