
  <record>
    <leader>00641nama 22001571i 4500</leader>
    <controlfield tag="001">MOKKAS0000708724  </controlfield>
    <controlfield tag="005">20060616212030.0</controlfield>
    <controlfield tag="008">041105s1972    at            000 0 gerod</controlfield>
    <datafield tag="035" ind1=" " ind2=" ">
      <subfield code="a">1467735</subfield>
    </datafield>
    <datafield tag="040" ind1=" " ind2=" ">
      <subfield code="a">OSZK</subfield>
    </datafield>
    <datafield tag="041" ind1="0" ind2=" ">
      <subfield code="a">gerger</subfield>
    </datafield>
    <datafield tag="100" ind1="1" ind2=" ">
      <subfield code="a">Ulbrich, Karl</subfield>
      <subfield code="c">(cédulakatalógus alapján)</subfield>
    </datafield>
    <datafield tag="245" ind1="1" ind2="0">
      <subfield code="a">100 Jahre metrisches Massystem in Österreich (1872-1972) : </subfield>
      <subfield code="b">die historische Etwicklung des österreichischen Mass- und Eichwesens ... bis zur Hundertjahrfeier des metrischen Masssystems ... /</subfield>
      <subfield code="c">[Karl Ulbrich]</subfield>
    </datafield>
    <datafield tag="260" ind1=" " ind2=" ">
      <subfield code="a">Wien :</subfield>
      <subfield code="b">Bundesamt für Eich- und Vermessungswesen,</subfield>
      <subfield code="c">1972</subfield>
    </datafield>
    <datafield tag="300" ind1=" " ind2=" ">
      <subfield code="a">V, 172 p. :</subfield>
      <subfield code="b">ill. ;</subfield>
      <subfield code="c">29 cm</subfield>
    </datafield>
    <datafield tag="852" ind1=" " ind2=" ">
      <subfield code="a">B1</subfield>
      <subfield code="b">B1</subfield>
      <subfield code="x">1467735</subfield>
    </datafield>
  </record>