
  <record>
    <leader>00536cam  22001571  4500</leader>
    <controlfield tag="001">MOKKAZ0004282900  </controlfield>
    <controlfield tag="005">20040910055411.0</controlfield>
    <controlfield tag="008">      s1976                        ger d</controlfield>
    <datafield tag="020" ind1=" " ind2=" ">
      <subfield code="a">3-900035-49-0 (kötött) :</subfield>
    </datafield>
    <datafield tag="035" ind1=" " ind2=" ">
      <subfield code="a">bibFSZ00128503</subfield>
    </datafield>
    <datafield tag="040" ind1=" " ind2=" ">
      <subfield code="a">FSZEK</subfield>
    </datafield>
    <datafield tag="245" ind1="0" ind2="0">
      <subfield code="a">100 Jahre Musikverlag Doblinger : </subfield>
      <subfield code="b">1876-1976</subfield>
    </datafield>
    <datafield tag="260" ind1=" " ind2=" ">
      <subfield code="a">Wien ;</subfield>
      <subfield code="a">München :</subfield>
      <subfield code="b">Ludwig Doblinger &amp; Bernhard Herzmansky KG,</subfield>
      <subfield code="c">1976</subfield>
    </datafield>
    <datafield tag="300" ind1=" " ind2=" ">
      <subfield code="a">[14], 216 p. :</subfield>
      <subfield code="b">ill. ;</subfield>
      <subfield code="c">22 cm</subfield>
    </datafield>
    <datafield tag="610" ind1="2" ind2=" ">
      <subfield code="a">Ludwig Doblinger &amp; Bernhard Herzmansky KG (Wien)</subfield>
    </datafield>
    <datafield tag="852" ind1=" " ind2=" ">
      <subfield code="a">B10</subfield>
      <subfield code="b">0801Z</subfield>
      <subfield code="x">bibFSZ00128503</subfield>
    </datafield>
  </record>