
  <record>
    <leader>00704nam  2200193 i 4500</leader>
    <controlfield tag="001">MOKKAW0005957361  </controlfield>
    <controlfield tag="005">20080724010420.0</controlfield>
    <controlfield tag="008">981026s1997                 u    j ger d</controlfield>
    <datafield tag="035" ind1=" " ind2=" ">
      <subfield code="a">Hadtört.Kvt19068</subfield>
    </datafield>
    <datafield tag="040" ind1=" " ind2=" ">
      <subfield code="a">HIMHK</subfield>
    </datafield>
    <datafield tag="041" ind1="0" ind2=" ">
      <subfield code="a">ger</subfield>
    </datafield>
    <datafield tag="110" ind1="2" ind2="0">
      <subfield code="a">Militärhistorisches Museum Dresden</subfield>
    </datafield>
    <datafield tag="245" ind1="1" ind2="0">
      <subfield code="a">100 Jahre Museum im Dresdner Arsenal, 1897-1997 /</subfield>
      <subfield code="c">[Hrsg. Christian-Wilhelm von Prittwitz und Gaffron] ; [Red. Christian Hermann]</subfield>
    </datafield>
    <datafield tag="260" ind1=" " ind2=" ">
      <subfield code="a">Dresden :</subfield>
      <subfield code="b">Militärhistorisches Mus. Dresden,</subfield>
      <subfield code="c">1997</subfield>
    </datafield>
    <datafield tag="300" ind1=" " ind2=" ">
      <subfield code="a">240 p. :</subfield>
      <subfield code="b">ill. ;</subfield>
      <subfield code="c">21 cm</subfield>
    </datafield>
    <datafield tag="500" ind1=" " ind2=" ">
      <subfield code="a">Bibliogr.</subfield>
    </datafield>
    <datafield tag="700" ind1="1" ind2=" ">
      <subfield code="a">Prittwitz u. Gaffron, Christian-Wilhelm</subfield>
      <subfield code="4">(szerk.)</subfield>
    </datafield>
    <datafield tag="700" ind1="1" ind2=" ">
      <subfield code="a">Hermann, Christian</subfield>
      <subfield code="4">(szerk.)</subfield>
    </datafield>
    <datafield tag="852" ind1=" " ind2=" ">
      <subfield code="a">B419</subfield>
      <subfield code="b">B419</subfield>
      <subfield code="x">Hadtört.Kvt19068</subfield>
    </datafield>
  </record>