
  <record>
    <leader>00776nam  2200217 i 4500</leader>
    <controlfield tag="001">MOKKAZ0003292981  </controlfield>
    <controlfield tag="005">20040909174911.0</controlfield>
    <controlfield tag="008">      s1976    au ao         00010 ger d</controlfield>
    <datafield tag="020" ind1=" " ind2=" ">
      <subfield code="a">3 900035 49 0</subfield>
    </datafield>
    <datafield tag="035" ind1=" " ind2=" ">
      <subfield code="a">bibKLT00069471</subfield>
    </datafield>
    <datafield tag="040" ind1=" " ind2=" ">
      <subfield code="a">DEENK</subfield>
    </datafield>
    <datafield tag="245" ind1="0" ind2="0">
      <subfield code="a">100 Jahre Musikverlag Doblinger :</subfield>
      <subfield code="b">1876-1976 /</subfield>
      <subfield code="c">[Bildauswahl und Layout Herbert Vogg]</subfield>
    </datafield>
    <datafield tag="260" ind1=" " ind2=" ">
      <subfield code="a">Wien ;</subfield>
      <subfield code="a">München :</subfield>
      <subfield code="b">Doblinger,</subfield>
      <subfield code="c">1976</subfield>
    </datafield>
    <datafield tag="300" ind1=" " ind2=" ">
      <subfield code="a">215, [1] p. :</subfield>
      <subfield code="b">ill. ;</subfield>
      <subfield code="2">2 x 22 cm</subfield>
    </datafield>
    <datafield tag="610" ind1="2" ind2=" ">
      <subfield code="a">Musikverlag Doblinger (Wien)</subfield>
      <subfield code="x">történet</subfield>
    </datafield>
    <datafield tag="650" ind1=" " ind2="4">
      <subfield code="a">Zeneműkiadók</subfield>
      <subfield code="z">Ausztria</subfield>
      <subfield code="x">életrajz</subfield>
    </datafield>
    <datafield tag="650" ind1=" " ind2="4">
      <subfield code="a">Zeneműkiadás</subfield>
      <subfield code="z">Ausztria</subfield>
      <subfield code="x">történet</subfield>
    </datafield>
    <datafield tag="650" ind1=" " ind2="0">
      <subfield code="a">Music publishers</subfield>
      <subfield code="z">Austria</subfield>
      <subfield code="x">Biography.</subfield>
    </datafield>
    <datafield tag="650" ind1=" " ind2="0">
      <subfield code="a">Music</subfield>
      <subfield code="x">Publishing</subfield>
      <subfield code="z">Austria</subfield>
      <subfield code="x">History.</subfield>
    </datafield>
    <datafield tag="700" ind1="1" ind2=" ">
      <subfield code="a">Vogg, Herbert</subfield>
      <subfield code="d">(1928-)</subfield>
    </datafield>
    <datafield tag="852" ind1=" " ind2=" ">
      <subfield code="a">D1</subfield>
      <subfield code="b">D1/OE</subfield>
      <subfield code="x">bibKLT00069471</subfield>
    </datafield>
  </record>