
  <record>
    <leader>00679nam  2200205 i 4500</leader>
    <controlfield tag="001">MOKKAW0005540063  </controlfield>
    <controlfield tag="005">20080414225617.0</controlfield>
    <controlfield tag="008">990308s1987    de     f      000 0 ger d</controlfield>
    <datafield tag="020" ind1=" " ind2=" ">
      <subfield code="a">3-487-07920-8</subfield>
    </datafield>
    <datafield tag="035" ind1=" " ind2=" ">
      <subfield code="a">345902</subfield>
    </datafield>
    <datafield tag="040" ind1=" " ind2=" ">
      <subfield code="a">KSZK</subfield>
    </datafield>
    <datafield tag="041" ind1="0" ind2=" ">
      <subfield code="a">gerger</subfield>
    </datafield>
    <datafield tag="245" ind1="0" ind2="0">
      <subfield code="a">100 Jahre Olms : </subfield>
      <subfield code="b">1886-1986 /</subfield>
      <subfield code="c">Hrsg. von W. Joachim Freyburg</subfield>
    </datafield>
    <datafield tag="260" ind1=" " ind2=" ">
      <subfield code="a">Hildesheim</subfield>
      <subfield code="a">Zürich</subfield>
      <subfield code="a">New York :</subfield>
      <subfield code="b">Georg Olms Verl.,</subfield>
      <subfield code="c">1987</subfield>
    </datafield>
    <datafield tag="300" ind1=" " ind2=" ">
      <subfield code="a">121 p., 8 t. :</subfield>
      <subfield code="b">ill. ;</subfield>
      <subfield code="c">21 cm</subfield>
    </datafield>
    <datafield tag="653" ind1=" " ind2=" ">
      <subfield code="a">Németország, Hildesheim</subfield>
    </datafield>
    <datafield tag="700" ind1="1" ind2=" ">
      <subfield code="a">Freyburg, W. Joachim</subfield>
      <subfield code="4">(szerk.)</subfield>
    </datafield>
    <datafield tag="710" ind1="2" ind2=" ">
      <subfield code="a">Georg Olms Verlag (Hildesheim)</subfield>
      <subfield code="4">tárgya</subfield>
    </datafield>
    <datafield tag="710" ind1="2" ind2=" ">
      <subfield code="a">Buchhandlung Hermann Olms (Hildesheim)</subfield>
      <subfield code="4">tárgya</subfield>
    </datafield>
    <datafield tag="852" ind1=" " ind2=" ">
      <subfield code="a">B1700</subfield>
      <subfield code="b">B1700</subfield>
      <subfield code="x">345902</subfield>
    </datafield>
  </record>