
  <record>
    <leader>00927cam  2200265 i 4500</leader>
    <controlfield tag="001">MOKKAS0001846546  </controlfield>
    <controlfield tag="005">20060530173643.0</controlfield>
    <controlfield tag="008">880419s1987    gw a          000 0 ger  </controlfield>
    <datafield tag="010" ind1=" " ind2=" ">
      <subfield code="a">   88132535 //r95</subfield>
    </datafield>
    <datafield tag="020" ind1=" " ind2=" ">
      <subfield code="a">3 487 07920 8</subfield>
    </datafield>
    <datafield tag="035" ind1=" " ind2=" ">
      <subfield code="a">16411</subfield>
    </datafield>
    <datafield tag="040" ind1=" " ind2=" ">
      <subfield code="a">ELTE</subfield>
    </datafield>
    <datafield tag="041" ind1="0" ind2=" ">
      <subfield code="a">gerengfreita</subfield>
    </datafield>
    <datafield tag="245" ind1="0" ind2="0">
      <subfield code="a">100 Jahre Olms, 1886-1986 /</subfield>
      <subfield code="c">herausgegeben von W. Joachim Freyburg.</subfield>
    </datafield>
    <datafield tag="260" ind1=" " ind2=" ">
      <subfield code="a">Hildesheim :</subfield>
      <subfield code="b">Olms,</subfield>
      <subfield code="c">cop. 1987. -</subfield>
    </datafield>
    <datafield tag="300" ind1=" " ind2=" ">
      <subfield code="a">121 p. ;</subfield>
      <subfield code="c">22 cm. +</subfield>
      <subfield code="e">18 t.mell.</subfield>
    </datafield>
    <datafield tag="500" ind1=" " ind2=" ">
      <subfield code="a">Includes contributions in English, French, and Italian.</subfield>
    </datafield>
    <datafield tag="610" ind1="2" ind2="0">
      <subfield code="a">Georg Olms Verlag</subfield>
      <subfield code="x">History.</subfield>
    </datafield>
    <datafield tag="650" ind1="0" ind2="4">
      <subfield code="a">könyvkereskedelem</subfield>
      <subfield code="x">történet</subfield>
      <subfield code="y">1886-1986</subfield>
      <subfield code="z">német</subfield>
    </datafield>
    <datafield tag="650" ind1="0" ind2="4">
      <subfield code="a">könyvkiadó</subfield>
      <subfield code="x">történet</subfield>
      <subfield code="y">1886-1986</subfield>
      <subfield code="z">német</subfield>
    </datafield>
    <datafield tag="690" ind1=" " ind2="0">
      <subfield code="a">Publishers and publishing</subfield>
      <subfield code="x">History.</subfield>
    </datafield>
    <datafield tag="690" ind1=" " ind2="0">
      <subfield code="a">Booksellers and bookselling</subfield>
      <subfield code="x">History.</subfield>
    </datafield>
    <datafield tag="700" ind1="1" ind2=" ">
      <subfield code="a">Freyburg, W. Joachim,</subfield>
      <subfield code="d">(1914-)</subfield>
    </datafield>
    <datafield tag="730" ind1="0" ind2=" ">
      <subfield code="a">Hundert Jahre Olms, 1886-1986</subfield>
    </datafield>
    <datafield tag="852" ind1=" " ind2=" ">
      <subfield code="a">B2</subfield>
      <subfield code="b">B2</subfield>
      <subfield code="x">16411</subfield>
    </datafield>
  </record>