
  <record>
    <leader>00810nam  2200217 i 4500</leader>
    <controlfield tag="001">MOKKAN0004712212  </controlfield>
    <controlfield tag="005">20070703043801.0</controlfield>
    <controlfield tag="008">060918s1998                 u    j ger d</controlfield>
    <datafield tag="020" ind1=" " ind2=" ">
      <subfield code="a">3 8263 3202 4</subfield>
    </datafield>
    <datafield tag="035" ind1=" " ind2=" ">
      <subfield code="a">KÉE217339</subfield>
    </datafield>
    <datafield tag="040" ind1=" " ind2=" ">
      <subfield code="a">BCEEFK</subfield>
    </datafield>
    <datafield tag="041" ind1="0" ind2=" ">
      <subfield code="a">ger</subfield>
    </datafield>
    <datafield tag="100" ind1="1" ind2=" ">
      <subfield code="a">Laux, Wolfrudolf</subfield>
    </datafield>
    <datafield tag="245" ind1="1" ind2="0">
      <subfield code="a">100 Jahre Pflanzenschutzforschung : </subfield>
      <subfield code="b">Information, Recht, Geschichte /</subfield>
      <subfield code="c">zsgest. von Wolfrudolf Laux</subfield>
    </datafield>
    <datafield tag="260" ind1=" " ind2=" ">
      <subfield code="a">Berlin :</subfield>
      <subfield code="b">Parey,</subfield>
      <subfield code="c">1998</subfield>
    </datafield>
    <datafield tag="300" ind1=" " ind2=" ">
      <subfield code="a">131 p..</subfield>
    </datafield>
    <datafield tag="490" ind1="1" ind2=" ">
      <subfield code="a">Mitteilungen aus der Biologischen Bundesanstalt für Land- und Forstwirtschaft Berlin-Dahlem</subfield>
      <subfield code="x">0067-5849</subfield>
      <subfield code="v">H. 348.</subfield>
    </datafield>
    <datafield tag="504" ind1=" " ind2=" ">
      <subfield code="a">Bibliogr. a tanulmányok végén</subfield>
    </datafield>
    <datafield tag="650" ind1=" " ind2="4">
      <subfield code="a">Növényvédelem</subfield>
    </datafield>
    <datafield tag="830" ind1=" " ind2="0">
      <subfield code="a">Mitteilungen aus der Biologischen Bundesanstalt für Land- und Forstwirtschaft Berlin-Dahlem</subfield>
    </datafield>
    <datafield tag="852" ind1=" " ind2=" ">
      <subfield code="a">B503</subfield>
      <subfield code="b">B503</subfield>
      <subfield code="x">KÉE217339</subfield>
    </datafield>
  </record>