
  <record>
    <leader>00747cam  22002171  4500</leader>
    <controlfield tag="001">MOKKAZ0004258794  </controlfield>
    <controlfield tag="005">20040910054155.0</controlfield>
    <controlfield tag="008">      s1991                        ger d</controlfield>
    <datafield tag="020" ind1=" " ind2=" ">
      <subfield code="a">3-445-03007-3 :</subfield>
    </datafield>
    <datafield tag="035" ind1=" " ind2=" ">
      <subfield code="a">bibFSZ00104367</subfield>
    </datafield>
    <datafield tag="040" ind1=" " ind2=" ">
      <subfield code="a">FSZEK</subfield>
    </datafield>
    <datafield tag="245" ind1="0" ind2="0">
      <subfield code="a">100 Jahre philosophische Nietzsche-Rezeption /</subfield>
      <subfield code="c">Hrsg. von Alfredo Guzzoni</subfield>
    </datafield>
    <datafield tag="260" ind1=" " ind2=" ">
      <subfield code="a">Frankfurt am Main :</subfield>
      <subfield code="b">Hain,</subfield>
      <subfield code="c">1991</subfield>
    </datafield>
    <datafield tag="300" ind1=" " ind2=" ">
      <subfield code="a">XI, 219 p. ;</subfield>
      <subfield code="c">19 cm</subfield>
    </datafield>
    <datafield tag="490" ind1="1" ind2=" ">
      <subfield code="a">(Athänaeums Studienbuch. Philosophie)</subfield>
    </datafield>
    <datafield tag="500" ind1=" " ind2=" ">
      <subfield code="a">Bibliogr. a jegyzetekben: p. 217-219.</subfield>
    </datafield>
    <datafield tag="680" ind1=" " ind2="1">
      <subfield code="x">1 </subfield>
      <subfield code="x">Nietzsche, Friedrich</subfield>
      <subfield code="a">tanulmány</subfield>
    </datafield>
    <datafield tag="680" ind1=" " ind2="1">
      <subfield code="a">voluntarizmus / etika</subfield>
      <subfield code="a">tanulmány</subfield>
    </datafield>
    <datafield tag="700" ind1="1" ind2=" ">
      <subfield code="a">Guzzoni, Alfredo</subfield>
      <subfield code="4">szerk.</subfield>
    </datafield>
    <datafield tag="830" ind1=" " ind2=" ">
      <subfield code="a">Athänaeums Studienbuch. Philosophie</subfield>
    </datafield>
    <datafield tag="852" ind1=" " ind2=" ">
      <subfield code="a">B10</subfield>
      <subfield code="b">0801</subfield>
      <subfield code="x">bibFSZ00104367</subfield>
    </datafield>
  </record>