
  <record>
    <leader>01418nam  2200301 i 4500</leader>
    <controlfield tag="001">MOKKAW0005584832  </controlfield>
    <controlfield tag="005">20080415183819.0</controlfield>
    <controlfield tag="008">010514s1984    at            000 0 ger d</controlfield>
    <datafield tag="035" ind1=" " ind2=" ">
      <subfield code="a">BMEOMIKK000151259</subfield>
    </datafield>
    <datafield tag="040" ind1=" " ind2=" ">
      <subfield code="a">BMEOMIKK</subfield>
    </datafield>
    <datafield tag="041" ind1="0" ind2=" ">
      <subfield code="a">gereng</subfield>
    </datafield>
    <datafield tag="044" ind1=" " ind2=" ">
      <subfield code="a">at</subfield>
    </datafield>
    <datafield tag="245" ind1="0" ind2="0">
      <subfield code="a">100 Jahre Prof. Dr. Dr. h. c. mult. Karl v. Terzaghi /</subfield>
      <subfield code="c">hrsg. von H. Brandl. Die Geschichte des Institutes für Grundbau der Technischen Universität Wien / H. Brandl. Versuche über das Trag- und Verformungsverhalten von vorgespannten Litzenankern / E. Graber. Untersuchungen an theoretischen Korngefügen / H. Tiefenbacher</subfield>
    </datafield>
    <datafield tag="246" ind1="1" ind2="1">
      <subfield code="a">100 years Prof. Dr. Dr. h. c. mult. Karl v. Terzaghi</subfield>
    </datafield>
    <datafield tag="260" ind1=" " ind2=" ">
      <subfield code="a">Wien :</subfield>
      <subfield code="b">Technische Universität Wien,</subfield>
      <subfield code="c">[1984]</subfield>
    </datafield>
    <datafield tag="300" ind1=" " ind2=" ">
      <subfield code="a">104 p. ;</subfield>
      <subfield code="c">30 cm</subfield>
    </datafield>
    <datafield tag="490" ind1="1" ind2=" ">
      <subfield code="a">Mitteilungen für Grundbau, Bodenmechanik und Felsbau</subfield>
      <subfield code="v">2.</subfield>
    </datafield>
    <datafield tag="504" ind1=" " ind2=" ">
      <subfield code="a">Bibliogr. a tanulmányok végén</subfield>
    </datafield>
    <datafield tag="546" ind1=" " ind2=" ">
      <subfield code="a">Német és angol nyelven váltakozva</subfield>
    </datafield>
    <datafield tag="600" ind1="1" ind2="4">
      <subfield code="a">Terzaghi, Karl von</subfield>
    </datafield>
    <datafield tag="700" ind1="1" ind2=" ">
      <subfield code="a">Brandl, Heinz</subfield>
    </datafield>
    <datafield tag="700" ind1="1" ind2=" ">
      <subfield code="a">Garber, Ernst</subfield>
    </datafield>
    <datafield tag="700" ind1="1" ind2=" ">
      <subfield code="a">Tiefenbacher, Hubert</subfield>
    </datafield>
    <datafield tag="740" ind1="4" ind2=" ">
      <subfield code="a">Die Geschichte des Institutes für Grundbau der Technischen Universität Wien</subfield>
    </datafield>
    <datafield tag="740" ind1="0" ind2=" ">
      <subfield code="a">Versuche über das Trag- und Verformungsverhalten von vorgespannten Litzenankern</subfield>
    </datafield>
    <datafield tag="740" ind1="0" ind2=" ">
      <subfield code="a">Untersuchungen an theoretischen Korngefügen</subfield>
    </datafield>
    <datafield tag="830" ind1=" " ind2="0">
      <subfield code="a">Mitteilungen für Grundbau, Bodenmechanik und Felsbau</subfield>
    </datafield>
    <datafield tag="852" ind1=" " ind2=" ">
      <subfield code="a">B11</subfield>
      <subfield code="b">B11</subfield>
      <subfield code="x">BMEOMIKK000151259</subfield>
    </datafield>
  </record>