
  <record>
    <leader>00764cam  2200217 i 4500</leader>
    <controlfield tag="001">MOKKAS0001867429  </controlfield>
    <controlfield tag="005">20060530210744.0</controlfield>
    <controlfield tag="008">980730 1994    au f          000 0 ger  </controlfield>
    <datafield tag="020" ind1=" " ind2=" ">
      <subfield code="a">3 201 01627 6</subfield>
    </datafield>
    <datafield tag="035" ind1=" " ind2=" ">
      <subfield code="a">41200</subfield>
    </datafield>
    <datafield tag="040" ind1=" " ind2=" ">
      <subfield code="a">ELTE</subfield>
    </datafield>
    <datafield tag="041" ind1="0" ind2=" ">
      <subfield code="a">ger</subfield>
    </datafield>
    <datafield tag="245" ind1="0" ind2="0">
      <subfield code="a">100 Jahre Psychologie an der Universität Graz</subfield>
      <subfield code="c">/ hrsg. von Erich Mittenecker und Günter Schulter.</subfield>
    </datafield>
    <datafield tag="260" ind1=" " ind2=" ">
      <subfield code="a">Graz :</subfield>
      <subfield code="b">Akademische Druck u. Verlagsanst.,</subfield>
      <subfield code="c">1994. -</subfield>
    </datafield>
    <datafield tag="300" ind1=" " ind2=" ">
      <subfield code="a">120 p., 2 t. ;</subfield>
      <subfield code="c">24 cm.</subfield>
    </datafield>
    <datafield tag="490" ind1="1" ind2=" ">
      <subfield code="a">(Publikationen aus dem Archiv der Universität Graz ;</subfield>
      <subfield code="v">29.Bd.)</subfield>
    </datafield>
    <datafield tag="650" ind1="0" ind2="4">
      <subfield code="a">egyetemtörténet</subfield>
      <subfield code="x">pszichológia tanszék</subfield>
      <subfield code="z">Graz</subfield>
    </datafield>
    <datafield tag="700" ind1="1" ind2=" ">
      <subfield code="a">Mittenecker, Erich</subfield>
    </datafield>
    <datafield tag="700" ind1="1" ind2=" ">
      <subfield code="a">Schulter, Günter</subfield>
    </datafield>
    <datafield tag="830" ind1=" " ind2="0">
      <subfield code="a">Publikationen aus dem Archiv der Universität Graz</subfield>
    </datafield>
    <datafield tag="852" ind1=" " ind2=" ">
      <subfield code="a">B2</subfield>
      <subfield code="b">B2</subfield>
      <subfield code="x">41200</subfield>
    </datafield>
  </record>