
  <record>
    <leader>00489nama 22001571i 4500</leader>
    <controlfield tag="001">MOKKAS0000594716  </controlfield>
    <controlfield tag="005">20060118010650.0</controlfield>
    <controlfield tag="008">041001s1967    ge            000 0 gerod</controlfield>
    <datafield tag="035" ind1=" " ind2=" ">
      <subfield code="a">1353538</subfield>
    </datafield>
    <datafield tag="040" ind1=" " ind2=" ">
      <subfield code="a">OSZK</subfield>
    </datafield>
    <datafield tag="041" ind1="0" ind2=" ">
      <subfield code="a">gerger</subfield>
    </datafield>
    <datafield tag="245" ind1="0" ind2="0">
      <subfield code="a">100 Jahre Reclams Universalbibliothek 1867-1967 : </subfield>
      <subfield code="b">Beiträge zur Verlagsgeschichte /</subfield>
      <subfield code="c">[hrsg. Hans Marquardt]</subfield>
    </datafield>
    <datafield tag="260" ind1=" " ind2=" ">
      <subfield code="a">Leipzig :</subfield>
      <subfield code="b">Reclam,</subfield>
      <subfield code="c">1967</subfield>
    </datafield>
    <datafield tag="300" ind1=" " ind2=" ">
      <subfield code="a">561 p., 31 t. ;</subfield>
      <subfield code="c">16 cm</subfield>
    </datafield>
    <datafield tag="700" ind1="1" ind2=" ">
      <subfield code="a">Marquardt, Hans</subfield>
      <subfield code="4">(közrem.)</subfield>
    </datafield>
    <datafield tag="852" ind1=" " ind2=" ">
      <subfield code="a">B1</subfield>
      <subfield code="b">B1</subfield>
      <subfield code="x">1353538</subfield>
    </datafield>
  </record>