
  <record>
    <leader>00882nam  2200229 i 4500</leader>
    <controlfield tag="001">MOKKAS0003438105  </controlfield>
    <controlfield tag="005">20060605020824.0</controlfield>
    <controlfield tag="008">050714s1967                        ger d</controlfield>
    <datafield tag="035" ind1=" " ind2=" ">
      <subfield code="a">339913</subfield>
    </datafield>
    <datafield tag="040" ind1=" " ind2=" ">
      <subfield code="a">OIK</subfield>
    </datafield>
    <datafield tag="041" ind1="0" ind2=" ">
      <subfield code="a">ger</subfield>
    </datafield>
    <datafield tag="100" ind1="1" ind2=" ">
      <subfield code="a">Marquardt, Hans</subfield>
    </datafield>
    <datafield tag="245" ind1="1" ind2="0">
      <subfield code="a">100 Jahre Reclams Universal-Bibliothek, 1867-1967 : </subfield>
      <subfield code="b">Beiträge zur Verlagsgeschichte /</subfield>
      <subfield code="c">[hrsg. von Hans Marquardt]</subfield>
    </datafield>
    <datafield tag="260" ind1=" " ind2=" ">
      <subfield code="a">Leipzig :</subfield>
      <subfield code="b">Reclam,</subfield>
      <subfield code="c">1967</subfield>
    </datafield>
    <datafield tag="300" ind1=" " ind2=" ">
      <subfield code="a">347, [2] p., [64] t. :</subfield>
      <subfield code="b">ill. ;</subfield>
      <subfield code="c">17 cm</subfield>
    </datafield>
    <datafield tag="490" ind1="1" ind2=" ">
      <subfield code="a">Reclams Universal-Bibliothek. Geschichte und Kultur, Verlagsgeschichte</subfield>
      <subfield code="v">384.</subfield>
    </datafield>
    <datafield tag="500" ind1=" " ind2=" ">
      <subfield code="a">Bibliogr.: p. [479]-502. és a jegyzetekben</subfield>
    </datafield>
    <datafield tag="600" ind1="1" ind2="4">
      <subfield code="a">Reclam Verlag (Leipzig)</subfield>
    </datafield>
    <datafield tag="650" ind1=" " ind2="4">
      <subfield code="a">Üveg. Kerámia. Zománc. Műkő. Cement. Szilikátkohászat</subfield>
    </datafield>
    <datafield tag="650" ind1=" " ind2="4">
      <subfield code="a">Német nyelven</subfield>
    </datafield>
    <datafield tag="830" ind1=" " ind2="0">
      <subfield code="a">Reclams Universal-Bibliothek. Geschichte und Kultur, Verlagsgeschichte</subfield>
    </datafield>
    <datafield tag="852" ind1=" " ind2=" ">
      <subfield code="a">B14</subfield>
      <subfield code="b">B14</subfield>
      <subfield code="x">339913</subfield>
    </datafield>
  </record>