
  <record>
    <leader>00835aam  2200217 i 4500</leader>
    <controlfield tag="001">MOKKAZ0003847953  </controlfield>
    <controlfield tag="005">20070613093720.0</controlfield>
    <controlfield tag="008">680125 1967    gw            010   ger  </controlfield>
    <datafield tag="035" ind1=" " ind2=" ">
      <subfield code="a">bibJAT00071539</subfield>
    </datafield>
    <datafield tag="040" ind1=" " ind2=" ">
      <subfield code="a">SZTE</subfield>
    </datafield>
    <datafield tag="245" ind1="0" ind2="0">
      <subfield code="a">100 Jahre Reclams Universal-Bibliothek :</subfield>
      <subfield code="b">1867-1967 : Beiträge zur  Verlagsgeschichte /</subfield>
      <subfield code="c">Hrsg. v. Hans Marquardt</subfield>
    </datafield>
    <datafield tag="260" ind1=" " ind2=" ">
      <subfield code="a">Leipzig :</subfield>
      <subfield code="b">Verl P Reclam jun,</subfield>
      <subfield code="c">[1967]</subfield>
    </datafield>
    <datafield tag="300" ind1=" " ind2=" ">
      <subfield code="a">561 p.32 t. ;</subfield>
      <subfield code="c">17 cm</subfield>
    </datafield>
    <datafield tag="490" ind1="1" ind2=" ">
      <subfield code="a">(Reclams Universal-Bibliothek ;</subfield>
      <subfield code="v">384. Geschichte und Kultur.)</subfield>
    </datafield>
    <datafield tag="504" ind1=" " ind2=" ">
      <subfield code="a">Bibliogr.: p. 479-502.</subfield>
    </datafield>
    <datafield tag="650" ind1=" " ind2="7">
      <subfield code="a">Könyvkiadás</subfield>
      <subfield code="x">Németország</subfield>
      <subfield code="y">1867-1967</subfield>
      <subfield code="2">szte</subfield>
    </datafield>
    <datafield tag="650" ind1=" " ind2="7">
      <subfield code="a">Reclams Universal-Bibliothek</subfield>
      <subfield code="y">1867-1967</subfield>
      <subfield code="2">szte</subfield>
    </datafield>
    <datafield tag="650" ind1=" " ind2="7">
      <subfield code="a">Reclams Universal-Bibliothe</subfield>
      <subfield code="y">1867-1967</subfield>
      <subfield code="2">szte</subfield>
    </datafield>
    <datafield tag="700" ind1="1" ind2=" ">
      <subfield code="a">Marquardt, Hans</subfield>
    </datafield>
    <datafield tag="830" ind1=" " ind2="0">
      <subfield code="a">Reclams Universal-Bibliothek</subfield>
    </datafield>
    <datafield tag="852" ind1=" " ind2=" ">
      <subfield code="a">SZ1</subfield>
      <subfield code="b">SZ1/R6</subfield>
      <subfield code="x">bibJAT00071539</subfield>
    </datafield>
  </record>