
  <record>
    <leader>00610nama 22001571i 4500</leader>
    <controlfield tag="001">MOKKAS0000617087  </controlfield>
    <controlfield tag="005">20060614171832.0</controlfield>
    <controlfield tag="008">041001s1962    at            000 0 gerod</controlfield>
    <datafield tag="035" ind1=" " ind2=" ">
      <subfield code="a">1375961</subfield>
    </datafield>
    <datafield tag="040" ind1=" " ind2=" ">
      <subfield code="a">OSZK</subfield>
    </datafield>
    <datafield tag="041" ind1="0" ind2=" ">
      <subfield code="a">gerger</subfield>
    </datafield>
    <datafield tag="245" ind1="0" ind2="0">
      <subfield code="a">100 Jahre Statistisches Amt der Stadt Wien : </subfield>
      <subfield code="b">Festschrift anlässlich der in der Gemeinderatssitzung vom 18. Febr. 1862 beschlossenen Errichtung eines statistischen Bureaus der Stadt Wien /</subfield>
      <subfield code="c">Hrsg. Magistrat</subfield>
    </datafield>
    <datafield tag="260" ind1=" " ind2=" ">
      <subfield code="a">Wien :</subfield>
      <subfield code="b">Magistrat,</subfield>
      <subfield code="c">[1962]</subfield>
      <subfield code="e">(Wien</subfield>
      <subfield code="f">Druck. Hollinek)</subfield>
    </datafield>
    <datafield tag="300" ind1=" " ind2=" ">
      <subfield code="a">107 p., 3 t. ;</subfield>
      <subfield code="c">20 cm</subfield>
    </datafield>
    <datafield tag="610" ind1="2" ind2="4">
      <subfield code="a">Statistisches Amt (Wien)</subfield>
    </datafield>
    <datafield tag="852" ind1=" " ind2=" ">
      <subfield code="a">B1</subfield>
      <subfield code="b">B1</subfield>
      <subfield code="x">1375961</subfield>
    </datafield>
  </record>