
  <record>
    <leader>00691nam  2200205 i 4500</leader>
    <controlfield tag="001">MOKKAS0003433227  </controlfield>
    <controlfield tag="005">20060604232222.0</controlfield>
    <controlfield tag="008">050713s1986                        ger d</controlfield>
    <datafield tag="020" ind1=" " ind2=" ">
      <subfield code="a">3 10 075106 X</subfield>
    </datafield>
    <datafield tag="035" ind1=" " ind2=" ">
      <subfield code="a">323010</subfield>
    </datafield>
    <datafield tag="040" ind1=" " ind2=" ">
      <subfield code="a">OIK</subfield>
    </datafield>
    <datafield tag="041" ind1="0" ind2=" ">
      <subfield code="a">ger</subfield>
    </datafield>
    <datafield tag="100" ind1="1" ind2=" ">
      <subfield code="a">Stach, Reiner</subfield>
    </datafield>
    <datafield tag="245" ind1="1" ind2="0">
      <subfield code="a">100 Jahre : </subfield>
      <subfield code="b">S. Fischer Verlag, 1886-1986  : Kleine Verlagsgeschichte /</subfield>
      <subfield code="c">Reiner Stach</subfield>
    </datafield>
    <datafield tag="260" ind1=" " ind2=" ">
      <subfield code="a">Frankfurt am Main :</subfield>
      <subfield code="b">Fischer,</subfield>
      <subfield code="c">cop. 1986</subfield>
    </datafield>
    <datafield tag="300" ind1=" " ind2=" ">
      <subfield code="a">207 p. :</subfield>
      <subfield code="b">ill., portrék ;</subfield>
      <subfield code="c">22 cm</subfield>
    </datafield>
    <datafield tag="600" ind1="1" ind2="4">
      <subfield code="a">Fischer Verlag (Frankfurt am Main)</subfield>
    </datafield>
    <datafield tag="650" ind1=" " ind2="4">
      <subfield code="a">Kiadói formák, pl. tudományos, ismeretterjesztő, szépirodalmi művek kiadói, szak</subfield>
    </datafield>
    <datafield tag="650" ind1=" " ind2="4">
      <subfield code="a">Német nyelven</subfield>
    </datafield>
    <datafield tag="852" ind1=" " ind2=" ">
      <subfield code="a">B14</subfield>
      <subfield code="b">B14</subfield>
      <subfield code="x">323010</subfield>
    </datafield>
  </record>