
  <record>
    <leader>00360cam  22001331  4500</leader>
    <controlfield tag="001">MOKKAZ0004652625  </controlfield>
    <controlfield tag="005">20040910090550.0</controlfield>
    <controlfield tag="008">      s1980                        und d</controlfield>
    <datafield tag="020" ind1=" " ind2=" ">
      <subfield code="a">in18468</subfield>
    </datafield>
    <datafield tag="035" ind1=" " ind2=" ">
      <subfield code="a">bibFSZ00557904</subfield>
    </datafield>
    <datafield tag="040" ind1=" " ind2=" ">
      <subfield code="a">FSZEK</subfield>
    </datafield>
    <datafield tag="245" ind1="0" ind2="0">
      <subfield code="a">100 Jahre Ungarische Nachrichten-agentur MTI</subfield>
    </datafield>
    <datafield tag="260" ind1=" " ind2=" ">
      <subfield code="a">[S.l.] :</subfield>
      <subfield code="b">[S.n.],</subfield>
      <subfield code="c">1980</subfield>
    </datafield>
    <datafield tag="852" ind1=" " ind2=" ">
      <subfield code="a">B10</subfield>
      <subfield code="b">0801B</subfield>
      <subfield code="x">bibFSZ00557904</subfield>
    </datafield>
  </record>