
  <record>
    <leader>00606nam  22001691  4500</leader>
    <controlfield tag="001">MOKKAZ0004711782  </controlfield>
    <controlfield tag="005">20091230093039.0</controlfield>
    <controlfield tag="008">000211s1948    at                  ger d</controlfield>
    <datafield tag="035" ind1=" " ind2=" ">
      <subfield code="a">bibFSZ776923</subfield>
    </datafield>
    <datafield tag="040" ind1=" " ind2=" ">
      <subfield code="a">FSZEK</subfield>
    </datafield>
    <datafield tag="080" ind1=" " ind2="0">
      <subfield code="a">37:354.11/.86(436)"1848/1948"</subfield>
    </datafield>
    <datafield tag="110" ind1="1" ind2=" ">
      <subfield code="a">Austria.</subfield>
      <subfield code="b">Bundesministerium für Unterricht</subfield>
    </datafield>
    <datafield tag="245" ind1="1" ind2="0">
      <subfield code="a">100 Jahre Unterrichte Ministerium :</subfield>
      <subfield code="b">1848-1948 : Festschrift des Bundesministerium für Unterricht in Wien</subfield>
    </datafield>
    <datafield tag="260" ind1=" " ind2=" ">
      <subfield code="a">Wien :</subfield>
      <subfield code="b">Österr. Bundesverl.,</subfield>
      <subfield code="c">1948</subfield>
    </datafield>
    <datafield tag="300" ind1=" " ind2=" ">
      <subfield code="a">491p., 1 t.,</subfield>
      <subfield code="b">ill.</subfield>
    </datafield>
    <datafield tag="610" ind1="1" ind2=" ">
      <subfield code="a">Austria.</subfield>
      <subfield code="b">Bundesministerium für Unterricht</subfield>
    </datafield>
    <datafield tag="852" ind1=" " ind2=" ">
      <subfield code="a">B10</subfield>
      <subfield code="b">0801</subfield>
      <subfield code="x">bibFSZ776923</subfield>
    </datafield>
  </record>