
  <record>
    <leader>00547cam  2200181 i 4500</leader>
    <controlfield tag="001">MOKKAZ0005321341  </controlfield>
    <controlfield tag="005">20040910171822.0</controlfield>
    <controlfield tag="008">980323c19951995gw a          00010 ger d</controlfield>
    <datafield tag="020" ind1=" " ind2=" ">
      <subfield code="a">3 7701 3607 1</subfield>
    </datafield>
    <datafield tag="035" ind1=" " ind2=" ">
      <subfield code="a">49719</subfield>
    </datafield>
    <datafield tag="040" ind1=" " ind2=" ">
      <subfield code="a">MEKLM</subfield>
    </datafield>
    <datafield tag="041" ind1="0" ind2=" ">
      <subfield code="a">ger</subfield>
    </datafield>
    <datafield tag="100" ind1="1" ind2=" ">
      <subfield code="a">Kriegeskorte, Michael</subfield>
    </datafield>
    <datafield tag="245" ind1="1" ind2="0">
      <subfield code="a">100 Jahre Werbung im Wandel :</subfield>
      <subfield code="b">Eine Reise durch die deutsche Vergangenheit /</subfield>
      <subfield code="c">Michael Kriegeskorte.</subfield>
    </datafield>
    <datafield tag="260" ind1=" " ind2=" ">
      <subfield code="a">Köln :</subfield>
      <subfield code="b">DuMont,</subfield>
      <subfield code="c">1995.</subfield>
    </datafield>
    <datafield tag="300" ind1=" " ind2=" ">
      <subfield code="a">240 p. :</subfield>
      <subfield code="b">ill. ;</subfield>
      <subfield code="c">31 cm.</subfield>
    </datafield>
    <datafield tag="650" ind1="0" ind2="4">
      <subfield code="a">reklámtörténet</subfield>
      <subfield code="z">Németország</subfield>
    </datafield>
    <datafield tag="852" ind1=" " ind2=" ">
      <subfield code="a">M1</subfield>
      <subfield code="b">M1</subfield>
      <subfield code="x">49719</subfield>
    </datafield>
  </record>