
  <record>
    <leader>00445nama 22001451i 4500</leader>
    <controlfield tag="001">MOKKAS0000680826  </controlfield>
    <controlfield tag="005">20060118145731.0</controlfield>
    <controlfield tag="008">041105s1953    at            000 0 gerod</controlfield>
    <datafield tag="035" ind1=" " ind2=" ">
      <subfield code="a">1439775</subfield>
    </datafield>
    <datafield tag="040" ind1=" " ind2=" ">
      <subfield code="a">OSZK</subfield>
    </datafield>
    <datafield tag="041" ind1="0" ind2=" ">
      <subfield code="a">gerger</subfield>
    </datafield>
    <datafield tag="245" ind1="0" ind2="0">
      <subfield code="a">100 Jahre Wiener Schauspielschule /</subfield>
      <subfield code="c">hrsg. von der Akademie für Musik und darstellende Kunst</subfield>
    </datafield>
    <datafield tag="260" ind1=" " ind2=" ">
      <subfield code="a">Wien :</subfield>
      <subfield code="b">Freunde der Musikakademie,</subfield>
      <subfield code="c">[1953]</subfield>
    </datafield>
    <datafield tag="300" ind1=" " ind2=" ">
      <subfield code="a">47 p., 4 t. ;</subfield>
      <subfield code="c">24 cm</subfield>
    </datafield>
    <datafield tag="852" ind1=" " ind2=" ">
      <subfield code="a">B1</subfield>
      <subfield code="b">B1</subfield>
      <subfield code="x">1439775</subfield>
    </datafield>
  </record>