
  <record>
    <leader>00547nam  2200181   4500</leader>
    <controlfield tag="001">MOKKAZ0004936695  </controlfield>
    <controlfield tag="005">20040910120439.0</controlfield>
    <controlfield tag="008">030605s2000    au            00010 ger d</controlfield>
    <datafield tag="020" ind1=" " ind2=" ">
      <subfield code="a">3 901213 05 8</subfield>
    </datafield>
    <datafield tag="035" ind1=" " ind2=" ">
      <subfield code="a">bibJPT00222502</subfield>
    </datafield>
    <datafield tag="040" ind1=" " ind2=" ">
      <subfield code="a">PTE</subfield>
    </datafield>
    <datafield tag="245" ind1="0" ind2="0">
      <subfield code="a">100 Jahre Wiener Urania :</subfield>
      <subfield code="b">Festschrift /</subfield>
      <subfield code="c">Hrsg. von Wilhelm Petrasch</subfield>
    </datafield>
    <datafield tag="260" ind1=" " ind2=" ">
      <subfield code="a">Wien :</subfield>
      <subfield code="b">Verein Volksbildungshaus Wiener Urania,</subfield>
      <subfield code="c">[2000]</subfield>
    </datafield>
    <datafield tag="300" ind1=" " ind2=" ">
      <subfield code="a">139 p. ;</subfield>
      <subfield code="c">24 cm</subfield>
    </datafield>
    <datafield tag="651" ind1=" " ind2="4">
      <subfield code="a">Bécs (Ausztria)</subfield>
    </datafield>
    <datafield tag="695" ind1=" " ind2=" ">
      <subfield code="a">Népfőiskola</subfield>
    </datafield>
    <datafield tag="700" ind1="1" ind2=" ">
      <subfield code="a">Petrasch, Wilhelm</subfield>
    </datafield>
    <datafield tag="852" ind1=" " ind2=" ">
      <subfield code="a">P1</subfield>
      <subfield code="b">P1/K</subfield>
      <subfield code="x">bibJPT00222502</subfield>
    </datafield>
  </record>