
  <record>
    <leader>00760nam  2200205 i 4500</leader>
    <controlfield tag="001">MOKKAZ0006432906  </controlfield>
    <controlfield tag="005">20040915202246.0</controlfield>
    <controlfield tag="008">000321s1998    at c           00 0 gerod</controlfield>
    <datafield tag="020" ind1=" " ind2=" ">
      <subfield code="a">3-205-99062-5</subfield>
    </datafield>
    <datafield tag="035" ind1=" " ind2=" ">
      <subfield code="a">836952</subfield>
    </datafield>
    <datafield tag="040" ind1=" " ind2=" ">
      <subfield code="a">OSZK</subfield>
    </datafield>
    <datafield tag="041" ind1="0" ind2=" ">
      <subfield code="a">gerger</subfield>
    </datafield>
    <datafield tag="072" ind1=" " ind2="1">
      <subfield code="a">y</subfield>
    </datafield>
    <datafield tag="245" ind1="0" ind2="0">
      <subfield code="a">100 Jahre Wiener Volksoper : </subfield>
      <subfield code="b">ein Projekt zur wiener Theatergeschichte von Studierenden des Institutes für Theaterwissenschaft /</subfield>
      <subfield code="c">eingel. u. hrsg. von Ursula Simek</subfield>
    </datafield>
    <datafield tag="260" ind1=" " ind2=" ">
      <subfield code="a">Wien :</subfield>
      <subfield code="b">Böhlau,</subfield>
      <subfield code="c">cop. 1998</subfield>
    </datafield>
    <datafield tag="300" ind1=" " ind2=" ">
      <subfield code="a">160 p. :</subfield>
      <subfield code="b">ill. ;</subfield>
      <subfield code="c">24 cm</subfield>
    </datafield>
    <datafield tag="500" ind1=" " ind2=" ">
      <subfield code="a">A "Maske und Kothurn : internationale Beiträge zur Theaterwissenschaft", ISSN 0025-4606, 41. évf. 3-4. füzete (1995)</subfield>
    </datafield>
    <datafield tag="610" ind1="2" ind2="4">
      <subfield code="a">Wiener Volksoper</subfield>
    </datafield>
    <datafield tag="700" ind1="1" ind2=" ">
      <subfield code="a">Simek, Ursula</subfield>
      <subfield code="4">(szerk.)</subfield>
    </datafield>
    <datafield tag="852" ind1=" " ind2=" ">
      <subfield code="a">B1</subfield>
      <subfield code="b">B1</subfield>
      <subfield code="x">836952</subfield>
    </datafield>
  </record>