
  <record>
    <leader>00921cam  22001931  4500</leader>
    <controlfield tag="001">MOKKAZ0004270115  </controlfield>
    <controlfield tag="005">20040910054741.0</controlfield>
    <controlfield tag="008">      s1969                        ger d</controlfield>
    <datafield tag="020" ind1=" " ind2=" ">
      <subfield code="a">(fűzött) :</subfield>
    </datafield>
    <datafield tag="035" ind1=" " ind2=" ">
      <subfield code="a">bibFSZ00115699</subfield>
    </datafield>
    <datafield tag="040" ind1=" " ind2=" ">
      <subfield code="a">FSZEK</subfield>
    </datafield>
    <datafield tag="245" ind1="0" ind2="0">
      <subfield code="a">100 Jahre Wiener Oper am Ring : </subfield>
      <subfield code="b">Jubiläumsausstellung in sämtlichen Redoutensälen der Hofburg 17. Mai bis 28. September 1969 /</subfield>
      <subfield code="c">[veranstaltet vom Aktionskomitee "100-Jahr-Feier der Wiener Staatsoper"] ; [Gesamtgestaltung der Ausstellung Alexander Witeschnik] ; [Katalog u. wissenschaftliche Leitung Franz Hadamowsky et al.]</subfield>
    </datafield>
    <datafield tag="260" ind1=" " ind2=" ">
      <subfield code="a">[Wien] :</subfield>
      <subfield code="b">[Druckerei und Verlag Erwin Metten],</subfield>
      <subfield code="c">[1969?]</subfield>
    </datafield>
    <datafield tag="300" ind1=" " ind2=" ">
      <subfield code="a">277 p. :</subfield>
      <subfield code="b">ill. ;</subfield>
      <subfield code="c">21 cm</subfield>
    </datafield>
    <datafield tag="610" ind1="2" ind2=" ">
      <subfield code="a">Wiener Staatsoper</subfield>
    </datafield>
    <datafield tag="700" ind1="1" ind2=" ">
      <subfield code="a">Witeschnik, Alexander</subfield>
      <subfield code="4">szerk.</subfield>
    </datafield>
    <datafield tag="700" ind1="1" ind2=" ">
      <subfield code="a">Hadamowsky, Franz</subfield>
      <subfield code="4">szerk.</subfield>
    </datafield>
    <datafield tag="710" ind1="2" ind2=" ">
      <subfield code="a">Aktionskomitee 100-Jahr-Feier der Wiener Staatsoper</subfield>
      <subfield code="4">közread.</subfield>
    </datafield>
    <datafield tag="852" ind1=" " ind2=" ">
      <subfield code="a">B10</subfield>
      <subfield code="b">0801Z</subfield>
      <subfield code="x">bibFSZ00115699</subfield>
    </datafield>
  </record>