
  <record>
    <leader>00780cam  2200217 i 4500</leader>
    <controlfield tag="001">MOKKAZ0005240061  </controlfield>
    <controlfield tag="005">20040910163650.0</controlfield>
    <controlfield tag="008">000210n        au a          00010 ger d</controlfield>
    <datafield tag="035" ind1=" " ind2=" ">
      <subfield code="a">106437</subfield>
    </datafield>
    <datafield tag="040" ind1=" " ind2=" ">
      <subfield code="a">MEKLM</subfield>
    </datafield>
    <datafield tag="041" ind1="0" ind2=" ">
      <subfield code="a">ger</subfield>
    </datafield>
    <datafield tag="245" ind1="0" ind2="0">
      <subfield code="a">100 Jahre Wirtschaftsförderung in Kärnten /</subfield>
      <subfield code="c">[... Hrsg. Kammer der gewerblichen Wirtschaft für Kärnten]</subfield>
    </datafield>
    <datafield tag="260" ind1=" " ind2=" ">
      <subfield code="a">Klagenfurt :</subfield>
      <subfield code="b">Handelskammer Kärnten,</subfield>
      <subfield code="c">[s.a.]</subfield>
    </datafield>
    <datafield tag="300" ind1=" " ind2=" ">
      <subfield code="a">82 p., [50] t., [1] t. fol. :</subfield>
      <subfield code="b">ill. ;</subfield>
      <subfield code="c">24 cm.</subfield>
    </datafield>
    <datafield tag="490" ind1="1" ind2="0">
      <subfield code="a">(Schriftenreihe der Handelskammer Kärnten)</subfield>
    </datafield>
    <datafield tag="504" ind1=" " ind2=" ">
      <subfield code="a">Bibliogr. a mű végén.</subfield>
    </datafield>
    <datafield tag="650" ind1="0" ind2="4">
      <subfield code="a">gazdasági helyzet</subfield>
      <subfield code="z">Karintia</subfield>
    </datafield>
    <datafield tag="650" ind1="0" ind2="4">
      <subfield code="a">gazdaságtörténet</subfield>
      <subfield code="z">Karintia</subfield>
    </datafield>
    <datafield tag="650" ind1="0" ind2="4">
      <subfield code="a">gazdaságfejlesztés</subfield>
      <subfield code="z">Karintia</subfield>
    </datafield>
    <datafield tag="830" ind1=" " ind2="0">
      <subfield code="a">Schriftenreihe der Handelskammer Kärnten</subfield>
    </datafield>
    <datafield tag="852" ind1=" " ind2=" ">
      <subfield code="a">M1</subfield>
      <subfield code="b">M1</subfield>
      <subfield code="x">106437</subfield>
    </datafield>
  </record>