
  <record>
    <leader>00767nama 22001931i 4500</leader>
    <controlfield tag="001">MOKKAS0000668661  </controlfield>
    <controlfield tag="005">20060616161239.0</controlfield>
    <controlfield tag="008">041105s1986    de            000 0 gerod</controlfield>
    <datafield tag="035" ind1=" " ind2=" ">
      <subfield code="a">1427564</subfield>
    </datafield>
    <datafield tag="040" ind1=" " ind2=" ">
      <subfield code="a">OSZK</subfield>
    </datafield>
    <datafield tag="041" ind1="0" ind2=" ">
      <subfield code="a">gerger</subfield>
    </datafield>
    <datafield tag="100" ind1="1" ind2=" ">
      <subfield code="a">Zell, Gotthelf</subfield>
      <subfield code="c">(cédulakatalógus alapján)</subfield>
    </datafield>
    <datafield tag="245" ind1="1" ind2="0">
      <subfield code="a">100 Jahre Zeidner Männerchor : </subfield>
      <subfield code="b">[1884-1984] : eine Dokumentation zur Musikgeschichte Siebenbürgens : Ehrenblätter über die Zeidner Chortätigkeit /</subfield>
      <subfield code="c">Gotthelf Zell</subfield>
    </datafield>
    <datafield tag="260" ind1=" " ind2=" ">
      <subfield code="a">Gundelsheim/Neckar :</subfield>
      <subfield code="b">Zeidner Nachbarschaft,</subfield>
      <subfield code="c">1986</subfield>
    </datafield>
    <datafield tag="300" ind1=" " ind2=" ">
      <subfield code="a">75 p. :</subfield>
      <subfield code="b">ill. ;</subfield>
      <subfield code="c">21 cm</subfield>
    </datafield>
    <datafield tag="490" ind1="1" ind2=" ">
      <subfield code="a">Zeidner Denkwürdigkeiten</subfield>
      <subfield code="p">Beiträge zur Geschichte und Heimatkunde von Zeiden</subfield>
      <subfield code="v">3.</subfield>
    </datafield>
    <datafield tag="610" ind1="2" ind2="4">
      <subfield code="a">Zeidner Männerchor</subfield>
    </datafield>
    <datafield tag="830" ind1=" " ind2="0">
      <subfield code="a">Zeidner Denkwürdigkeiten</subfield>
    </datafield>
    <datafield tag="852" ind1=" " ind2=" ">
      <subfield code="a">B1</subfield>
      <subfield code="b">B1</subfield>
      <subfield code="x">1427564</subfield>
    </datafield>
  </record>