
  <record>
    <leader>00989nam  2200253 i 4500</leader>
    <controlfield tag="001">MOKKAW0005565623  </controlfield>
    <controlfield tag="005">20080415081454.0</controlfield>
    <controlfield tag="008">000606s1999                  000 0 ger d</controlfield>
    <datafield tag="020" ind1=" " ind2=" ">
      <subfield code="a">3-924219-15-X</subfield>
    </datafield>
    <datafield tag="035" ind1=" " ind2=" ">
      <subfield code="a">BMEOMIKK000144517</subfield>
    </datafield>
    <datafield tag="040" ind1=" " ind2=" ">
      <subfield code="a">BMEOMIKK</subfield>
    </datafield>
    <datafield tag="041" ind1="0" ind2=" ">
      <subfield code="a">ger</subfield>
    </datafield>
    <datafield tag="245" ind1="0" ind2="0">
      <subfield code="a">100 Jahre Zimmerer-Innung Kassel : </subfield>
      <subfield code="b">Bearb. Hans Fitzner ; [publ. Verein Regionalmuseum Wolfhangen]. Historischer Holzbau in Europa / Bearb. Wolfgang Halfar</subfield>
    </datafield>
    <datafield tag="260" ind1=" " ind2=" ">
      <subfield code="a">Wolfhangen :</subfield>
      <subfield code="b">Regionalmuseum Wolfhagen,</subfield>
      <subfield code="c">1999</subfield>
    </datafield>
    <datafield tag="300" ind1=" " ind2=" ">
      <subfield code="a">171 p. ;</subfield>
      <subfield code="c">30 cm</subfield>
    </datafield>
    <datafield tag="490" ind1="1" ind2=" ">
      <subfield code="a">Schriften des Vereins Regionalmuseum Wolfhagen : Reihe Sonderaustellungen</subfield>
      <subfield code="v">4.</subfield>
    </datafield>
    <datafield tag="504" ind1=" " ind2=" ">
      <subfield code="a">Bibliogr. az egyes tanulmányok végén</subfield>
    </datafield>
    <datafield tag="700" ind1="1" ind2=" ">
      <subfield code="a">Fitzner, Hans</subfield>
    </datafield>
    <datafield tag="700" ind1="1" ind2=" ">
      <subfield code="a">Halfar, Wolfgang</subfield>
    </datafield>
    <datafield tag="710" ind1="2" ind2=" ">
      <subfield code="a">Regionalmuseum Wolfhagen</subfield>
    </datafield>
    <datafield tag="710" ind1="2" ind2=" ">
      <subfield code="a">Zimmerer-Innung Kassel</subfield>
    </datafield>
    <datafield tag="740" ind1="0" ind2=" ">
      <subfield code="a">Historischer Holzbau in Europa</subfield>
    </datafield>
    <datafield tag="830" ind1=" " ind2="0">
      <subfield code="a">Schriften des Vereins Regionalmuseum Wolfhagen : Reihe Sonderaustellungen</subfield>
    </datafield>
    <datafield tag="852" ind1=" " ind2=" ">
      <subfield code="a">B11</subfield>
      <subfield code="b">B11</subfield>
      <subfield code="x">BMEOMIKK000144517</subfield>
    </datafield>
  </record>