
  <record>
    <leader>00535nam  2200169   4500</leader>
    <controlfield tag="001">MOKKAS0002475514  </controlfield>
    <controlfield tag="005">20060617225050.0</controlfield>
    <controlfield tag="008">       1995    hu            00010 hun  </controlfield>
    <datafield tag="020" ind1=" " ind2=" ">
      <subfield code="a">963 8058 28 5  k. :</subfield>
    </datafield>
    <datafield tag="035" ind1=" " ind2=" ">
      <subfield code="a">bibMIF00013572</subfield>
    </datafield>
    <datafield tag="040" ind1=" " ind2=" ">
      <subfield code="a">MOME</subfield>
    </datafield>
    <datafield tag="245" ind1="0" ind2="0">
      <subfield code="a">100 játék :</subfield>
      <subfield code="b">nagy bip-játékkönyv : 4-8 éveseknek /</subfield>
      <subfield code="c">[ford. Szalontai Ágnes].</subfield>
    </datafield>
    <datafield tag="260" ind1=" " ind2=" ">
      <subfield code="a">[Budapest] :</subfield>
      <subfield code="b">Passage,</subfield>
      <subfield code="c">cop.1995.</subfield>
    </datafield>
    <datafield tag="300" ind1=" " ind2=" ">
      <subfield code="a">111 p. :</subfield>
      <subfield code="b">ill.</subfield>
    </datafield>
    <datafield tag="650" ind1=" " ind2="7">
      <subfield code="a">játék</subfield>
      <subfield code="x">kreaívitás</subfield>
      <subfield code="2">szte</subfield>
    </datafield>
    <datafield tag="650" ind1=" " ind2="7">
      <subfield code="a">games</subfield>
      <subfield code="x">creativity</subfield>
      <subfield code="2">szte</subfield>
    </datafield>
    <datafield tag="852" ind1=" " ind2=" ">
      <subfield code="a">B646</subfield>
      <subfield code="b">B646</subfield>
      <subfield code="x">bibMIF00013572</subfield>
    </datafield>
  </record>