
  <record>
    <leader>00507nam  2200169 i 4500</leader>
    <controlfield tag="001">MOKKAS0002410543  </controlfield>
    <controlfield tag="005">20060525030450.0</controlfield>
    <controlfield tag="008">960326c19951995hu            00010 hun1d</controlfield>
    <datafield tag="020" ind1=" " ind2=" ">
      <subfield code="a">963 8058 28 5</subfield>
    </datafield>
    <datafield tag="035" ind1=" " ind2=" ">
      <subfield code="a">bibBBM81421</subfield>
    </datafield>
    <datafield tag="040" ind1=" " ind2=" ">
      <subfield code="a">BBMK</subfield>
    </datafield>
    <datafield tag="041" ind1="1" ind2=" ">
      <subfield code="a">hun</subfield>
      <subfield code="h">fre</subfield>
    </datafield>
    <datafield tag="245" ind1="0" ind2="0">
      <subfield code="a">100 játék :</subfield>
      <subfield code="b">nagy bip-játékkönyv : 4-8 éveseknek /</subfield>
      <subfield code="c">[ford. Szalontai Ágnes]</subfield>
    </datafield>
    <datafield tag="260" ind1=" " ind2=" ">
      <subfield code="a">[Budapest] :</subfield>
      <subfield code="b">Passage,</subfield>
      <subfield code="c">cop.1995</subfield>
    </datafield>
    <datafield tag="300" ind1=" " ind2=" ">
      <subfield code="a">111 p. :</subfield>
      <subfield code="b">ill., színes ;</subfield>
      <subfield code="c">29 cm</subfield>
    </datafield>
    <datafield tag="650" ind1=" " ind2="4">
      <subfield code="a">Képeskönyv</subfield>
    </datafield>
    <datafield tag="852" ind1=" " ind2=" ">
      <subfield code="a">ST1</subfield>
      <subfield code="b">ST1</subfield>
      <subfield code="x">bibBBM81421</subfield>
    </datafield>
  </record>