
  <record>
    <leader>00521nama 22001571i 4500</leader>
    <controlfield tag="001">MOKKAZ0006468457  </controlfield>
    <controlfield tag="005">20040915204129.0</controlfield>
    <controlfield tag="008">031117i19651966hu            000 0 hun d</controlfield>
    <datafield tag="035" ind1=" " ind2=" ">
      <subfield code="a">1050321</subfield>
    </datafield>
    <datafield tag="040" ind1=" " ind2=" ">
      <subfield code="a">OSZK</subfield>
    </datafield>
    <datafield tag="041" ind1="0" ind2=" ">
      <subfield code="a">hunhun</subfield>
    </datafield>
    <datafield tag="245" ind1="0" ind2="0">
      <subfield code="a">100 játék : </subfield>
      <subfield code="b">klubvezetőknek /</subfield>
      <subfield code="c">összeáll. és szerk. Legéndy Miklósné.</subfield>
    </datafield>
    <datafield tag="260" ind1=" " ind2=" ">
      <subfield code="a">[Budapest] :</subfield>
      <subfield code="b">Népműv. Prop. Iroda,</subfield>
      <subfield code="c">1965, [!1966]</subfield>
      <subfield code="e">(Budapest</subfield>
      <subfield code="f">Házi soksz.)</subfield>
    </datafield>
    <datafield tag="300" ind1=" " ind2=" ">
      <subfield code="a">74 p., 5 t. ;</subfield>
      <subfield code="c">Har. 20 cm</subfield>
    </datafield>
    <datafield tag="700" ind1="1" ind2=" ">
      <subfield code="a">Legéndy Miklósné</subfield>
      <subfield code="4">(összeáll.)</subfield>
    </datafield>
    <datafield tag="852" ind1=" " ind2=" ">
      <subfield code="a">B1</subfield>
      <subfield code="b">B1</subfield>
      <subfield code="x">1050321</subfield>
    </datafield>
  </record>