
  <record>
    <leader>00733aam  2200193 i 4500</leader>
    <controlfield tag="001">MOKKAZ0006226169  </controlfield>
    <controlfield tag="005">20040915181900.0</controlfield>
    <controlfield tag="008">940509t19761975hu            000 0 hun d</controlfield>
    <datafield tag="020" ind1=" " ind2=" ">
      <subfield code="a">77 00454 X* (fűzött)</subfield>
    </datafield>
    <datafield tag="035" ind1=" " ind2=" ">
      <subfield code="a">486451</subfield>
    </datafield>
    <datafield tag="040" ind1=" " ind2=" ">
      <subfield code="a">OSZK</subfield>
    </datafield>
    <datafield tag="041" ind1="0" ind2=" ">
      <subfield code="a">hunhun</subfield>
    </datafield>
    <datafield tag="072" ind1=" " ind2="1">
      <subfield code="a">F</subfield>
    </datafield>
    <datafield tag="245" ind1="1" ind2="0">
      <subfield code="a">100 jogeset az áruforgalom köréből /</subfield>
      <subfield code="c">Összeállította Sziráki Ferenc ; [Közread. a Kereskedelmi és Vendéglátóipari Főiskola Továbbképző Intézete]</subfield>
    </datafield>
    <datafield tag="260" ind1=" " ind2=" ">
      <subfield code="a">Budapest :</subfield>
      <subfield code="b">KVF,</subfield>
      <subfield code="c">1976</subfield>
      <subfield code="e">([Pécs]</subfield>
      <subfield code="f">Pécsi Tempó Soksz.)</subfield>
    </datafield>
    <datafield tag="300" ind1=" " ind2=" ">
      <subfield code="a">118 l. ;</subfield>
      <subfield code="c">29 cm</subfield>
    </datafield>
    <datafield tag="700" ind1="1" ind2=" ">
      <subfield code="a">Sziráki Ferenc</subfield>
      <subfield code="4">(összeáll.)</subfield>
    </datafield>
    <datafield tag="710" ind1="2" ind2=" ">
      <subfield code="a">Kereskedelmi és Vendéglátóipari Főiskola (Budapest)</subfield>
      <subfield code="a">Továbbképző Intézet</subfield>
      <subfield code="4">közread.</subfield>
    </datafield>
    <datafield tag="852" ind1=" " ind2=" ">
      <subfield code="a">B1</subfield>
      <subfield code="b">B1</subfield>
      <subfield code="x">486451</subfield>
    </datafield>
  </record>