
  <record>
    <leader>00474nama 22001571i 4500</leader>
    <controlfield tag="001">MOKKAS0000739376  </controlfield>
    <controlfield tag="005">20060118225539.0</controlfield>
    <controlfield tag="008">041105s1976    hu            000 0 hunod</controlfield>
    <datafield tag="035" ind1=" " ind2=" ">
      <subfield code="a">1498448</subfield>
    </datafield>
    <datafield tag="040" ind1=" " ind2=" ">
      <subfield code="a">OSZK</subfield>
    </datafield>
    <datafield tag="041" ind1="0" ind2=" ">
      <subfield code="a">hunhun</subfield>
    </datafield>
    <datafield tag="100" ind1="1" ind2=" ">
      <subfield code="a">Sziráki Ferenc</subfield>
    </datafield>
    <datafield tag="245" ind1="1" ind2="0">
      <subfield code="a">100 jogeset az áruforgalom köréből /</subfield>
      <subfield code="c">Sziráki Ferenc</subfield>
    </datafield>
    <datafield tag="260" ind1=" " ind2=" ">
      <subfield code="a">Budapest :</subfield>
      <subfield code="b">Kereskedelmi és Vendéglátóipari Főiskola, Továbbképző Intézet,</subfield>
      <subfield code="c">1976</subfield>
    </datafield>
    <datafield tag="300" ind1=" " ind2=" ">
      <subfield code="a">118 p.</subfield>
    </datafield>
    <datafield tag="852" ind1=" " ind2=" ">
      <subfield code="a">B1</subfield>
      <subfield code="b">B1</subfield>
      <subfield code="x">1498448</subfield>
    </datafield>
  </record>