
  <record>
    <leader>01118fam  2200313 i 4500</leader>
    <controlfield tag="001">MOKKAZ0006436295  </controlfield>
    <controlfield tag="005">20091203111709.0</controlfield>
    <controlfield tag="008">011114t20012001hu ar    b    000 0 hun d</controlfield>
    <datafield tag="020" ind1=" " ind2=" ">
      <subfield code="a">963-9375-01-2 (kötött) :</subfield>
      <subfield code="c">1490,- Ft</subfield>
    </datafield>
    <datafield tag="035" ind1=" " ind2=" ">
      <subfield code="a">906042</subfield>
    </datafield>
    <datafield tag="040" ind1=" " ind2=" ">
      <subfield code="a">OSZK</subfield>
    </datafield>
    <datafield tag="041" ind1="0" ind2=" ">
      <subfield code="a">hunhun</subfield>
    </datafield>
    <datafield tag="100" ind1="1" ind2=" ">
      <subfield code="a">Kovács Zsolt</subfield>
      <subfield code="d">(1976-)</subfield>
      <subfield code="c">(művészettörténész)</subfield>
    </datafield>
    <datafield tag="245" ind1="1" ind2="0">
      <subfield code="a">100 jó kérdés ...a papagájokról /</subfield>
      <subfield code="c">Kovács Zsolt</subfield>
    </datafield>
    <datafield tag="260" ind1=" " ind2=" ">
      <subfield code="a">Budapest :</subfield>
      <subfield code="b">Sensus,</subfield>
      <subfield code="c">cop. 2001</subfield>
      <subfield code="e">(Győr</subfield>
      <subfield code="f">Széchenyi)</subfield>
    </datafield>
    <datafield tag="300" ind1=" " ind2=" ">
      <subfield code="a">140 p. :</subfield>
      <subfield code="b">ill., színes ;</subfield>
      <subfield code="c">21 cm</subfield>
    </datafield>
    <datafield tag="504" ind1=" " ind2=" ">
      <subfield code="a">Bibliogr.: p. 140.</subfield>
    </datafield>
    <datafield tag="650" ind1=" " ind2="4">
      <subfield code="a">Papagájok</subfield>
    </datafield>
    <datafield tag="650" ind1=" " ind2="0">
      <subfield code="a">Parrots.</subfield>
    </datafield>
    <datafield tag="650" ind1=" " ind2="4">
      <subfield code="a">papagáj</subfield>
    </datafield>
    <datafield tag="650" ind1=" " ind2="7">
      <subfield code="a">Papagáj</subfield>
      <subfield code="2">szte</subfield>
    </datafield>
    <datafield tag="650" ind1=" " ind2="4">
      <subfield code="a">Díszmadarak</subfield>
    </datafield>
    <datafield tag="650" ind1=" " ind2="0">
      <subfield code="a">Ornamental birds.</subfield>
    </datafield>
    <datafield tag="852" ind1=" " ind2=" ">
      <subfield code="a">B1</subfield>
      <subfield code="b">B1</subfield>
      <subfield code="x">906042</subfield>
    </datafield>
    <datafield tag="852" ind1=" " ind2=" ">
      <subfield code="a">D1</subfield>
      <subfield code="b">D1</subfield>
      <subfield code="b">D2/PB</subfield>
      <subfield code="x">bibFSZ631217</subfield>
    </datafield>
</record>
</collection>
